<?xml version="1.0" encoding="UTF-8"?>
<!DOCTYPE html PUBLIC "-//W3C//DTD XHTML 1.0 Transitional//EN"
    "http://www.w3.org/TR/xhtml1/DTD/xhtml1-transitional.dtd">
<html xmlns="http://www.w3.org/1999/xhtml" xml:lang="en" lang="en">
 <head>
  <title>
</title>
<meta http-equiv="Content-Type" content="text/html;charset=utf-8" />
  <meta name='ocr-system' content='tesseract 3.04.00' />
  <meta name='ocr-capabilities' content='ocr_page ocr_carea ocr_par ocr_line ocrx_word'/>
</head>
<body>
  <div class='ocr_page' id='page_1' title='image "./operaomniaiussui12thom/operaomniaiussui12thom_0259.png"; bbox 0 0 2918 4088; ppageno 0'>
   <div class='ocr_carea' id='block_1_1' title="bbox 35 847 194 881">
    <p class='ocr_par' dir='ltr' id='par_1_1' title="bbox 35 847 194 881">
     <span class='ocr_line' id='line_1_1' title="bbox 35 847 194 881; baseline 0 -1"><span class='ocrx_word' id='word_1_1' title='bbox 35 847 38 850; x_wconf 54' lang='lat'><strong>⁴</strong></span> <span class='ocrx_word' id='word_1_2' title='bbox 65 859 77 872; x_wconf 86' lang='lat'><strong>·</strong></span> <span class='ocrx_word' id='word_1_3' title='bbox 90 858 156 881; x_wconf 73' lang='lat' dir='ltr'>Vm.</span> <span class='ocrx_word' id='word_1_4' title='bbox 172 858 194 880; x_wconf 86' lang='lat'>6.</span> 
     </span>
    </p>
   </div>
   <div class='ocr_carea' id='block_1_2' title="bbox 68 2637 283 2682">
    <p class='ocr_par' dir='ltr' id='par_1_2' title="bbox 68 2637 283 2682">
     <span class='ocr_line' id='line_1_2' title="bbox 68 2637 283 2682; baseline -0.005 0"><span class='ocrx_word' id='word_1_5' title='bbox 68 2637 175 2682; x_wconf 42' lang='lat' dir='ltr'>:Cilo-⁸.</span> <span class='ocrx_word' id='word_1_6' title='bbox 187 2659 244 2682; x_wconf 78' lang='lat' dir='ltr'>ord.</span> <span class='ocrx_word' id='word_1_7' title='bbox 260 2662 283 2681; x_wconf 81' lang='lat' dir='ltr'>et</span> 
     </span>
    </p>
   </div>
   <div class='ocr_carea' id='block_1_3' title="bbox 1 2663 282 2720">
    <p class='ocr_par' dir='ltr' id='par_1_3' title="bbox 1 2663 282 2720">
     <span class='ocr_line' id='line_1_3' title="bbox 1 2663 282 2720; baseline 0.007 -14"><span class='ocrx_word' id='word_1_8' title='bbox 1 2663 11 2720; x_wconf 61' lang='lat' dir='ltr'>i</span> <span class='ocrx_word' id='word_1_9' title='bbox 47 2685 242 2708; x_wconf 23' lang='lat' dir='ltr'>*lanm-OEA</span> <span class='ocrx_word' id='word_1_10' title='bbox 275 2701 282 2708; x_wconf 92' lang='lat'>.</span> 
     </span>
    </p>
   </div>
   <div class='ocr_carea' id='block_1_4' title="bbox 4 2710 282 2846">
    <p class='ocr_par' dir='ltr' id='par_1_4' title="bbox 2 2710 282 2846">
     <span class='ocr_line' id='line_1_4' title="bbox 4 2710 282 2761; baseline 0 0"><span class='ocrx_word' id='word_1_11' title='bbox 4 2734 9 2741; x_wconf 71' lang='grc'>’“</span> <span class='ocrx_word' id='word_1_12' title='bbox 67 2710 144 2761; x_wconf 51' lang='lat' dir='ltr'>m</span> <span class='ocrx_word' id='word_1_13' title='bbox 165 2711 226 2761; x_wconf 49' lang='lat' dir='ltr'>luz</span> <span class='ocrx_word' id='word_1_14' title='bbox 273 2727 282 2752; x_wconf 62' lang='lat'>⁸·</span> 
     </span>
     <span class='ocr_line' id='line_1_5' title="bbox 4 2744 281 2819; baseline 0.004 -6"><span class='ocrx_word' id='word_1_15' title='bbox 4 2766 9 2798; x_wconf 64' lang='lat'>¹1</span> <span class='ocrx_word' id='word_1_16' title='bbox 54 2744 281 2819; x_wconf 46' lang='lat' dir='ltr'>“asta-³223</span> 
     </span>
     <span class='ocr_line' id='line_1_6' title="bbox 6 2817 255 2846; baseline 0.012 -8"><span class='ocrx_word' id='word_1_17' title='bbox 6 2828 9 2838; x_wconf 59' lang='lat' dir='ltr'>l</span> <span class='ocrx_word' id='word_1_18' title='bbox 68 2823 142 2846; x_wconf 55' lang='lat' dir='ltr'>qn,</span> <span class='ocrx_word' id='word_1_19' title='bbox 155 2817 212 2841; x_wconf 69' lang='lat' dir='ltr'>dist.</span> <span class='ocrx_word' id='word_1_20' title='bbox 225 2817 255 2841; x_wconf 85' lang='lat'>11.</span> 
     </span>
    </p>
   </div>
   <div class='ocr_carea' id='block_1_5' title="bbox 7 3170 283 3236">
    <p class='ocr_par' dir='ltr' id='par_1_5' title="bbox 7 3170 283 3236">
     <span class='ocr_line' id='line_1_7' title="bbox 7 3170 283 3236; baseline 0 0"><span class='ocrx_word' id='word_1_21' title='bbox 7 3170 10 3232; x_wconf 60' lang='grc' dir='ltr'>ἶ</span> <span class='ocrx_word' id='word_1_22' title='bbox 44 3179 45 3182; x_wconf 39' lang='grc'><strong>“</strong></span> <span class='ocrx_word' id='word_1_23' title='bbox 69 3183 230 3236; x_wconf 48' lang='lat' dir='ltr'>ita-{tubat</span> <span class='ocrx_word' id='word_1_24' title='bbox 248 3187 283 3209; x_wconf 70' lang='lat'>“⁶</span> 
     </span>
    </p>
   </div>
   <div class='ocr_carea' id='block_1_6' title="bbox 0 0 70 4088">
    <p class='ocr_par' dir='ltr' id='par_1_6' title="bbox 0 0 70 4088">
     <span class='ocr_line' id='line_1_8' title="bbox 0 0 70 4088; baseline 0 0"><span class='ocrx_word' id='word_1_25' title='bbox 0 0 70 4088; x_wconf 95' lang='lat' dir='ltr'> </span> 
     </span>
    </p>
   </div>
   <div class='ocr_carea' id='block_1_7' title="bbox 967 173 1814 221">
    <p class='ocr_par' dir='ltr' id='par_1_7' title="bbox 967 173 1814 221">
     <span class='ocr_line' id='line_1_9' title="bbox 967 173 1814 221; baseline 0.001 -10"><span class='ocrx_word' id='word_1_26' title='bbox 967 175 1229 221; x_wconf 87' lang='lat' dir='ltr'>QUAESTIO</span> <span class='ocrx_word' id='word_1_27' title='bbox 1257 175 1418 220; x_wconf 90' lang='lat' dir='ltr'><strong>LXXX,</strong></span> <span class='ocrx_word' id='word_1_28' title='bbox 1447 173 1738 211; x_wconf 89' lang='lat' dir='ltr'>ARTICULUS</span> <span class='ocrx_word' id='word_1_29' title='bbox 1766 176 1814 212; x_wconf 93' lang='lat' dir='ltr'>VI</span> 
     </span>
    </p>
   </div>
   <div class='ocr_carea' id='block_1_8' title="bbox 2398 181 2470 218">
    <p class='ocr_par' dir='ltr' id='par_1_8' title="bbox 2398 181 2470 218">
     <span class='ocr_line' id='line_1_10' title="bbox 2398 181 2470 218; baseline 0.014 -1"><span class='ocrx_word' id='word_1_30' title='bbox 2398 181 2470 218; x_wconf 87' lang='lat'>235</span> 
     </span>
    </p>
   </div>
   <div class='ocr_carea' id='block_1_9' title="bbox 524 299 2261 429">
    <p class='ocr_par' dir='ltr' id='par_1_9' title="bbox 524 299 2261 429">
     <span class='ocr_line' id='line_1_11' title="bbox 1115 299 1671 341; baseline -0.002 -1"><span class='ocrx_word' id='word_1_31' title='bbox 1115 299 1432 341; x_wconf 87' lang='lat' dir='ltr'>ARTICULUS</span> <span class='ocrx_word' id='word_1_32' title='bbox 1463 299 1671 340; x_wconf 88' lang='lat' dir='ltr'><strong>SEXTUS</strong></span> 
     </span>
     <span class='ocr_line' id='line_1_12' title="bbox 524 391 2261 429; baseline 0.004 -7"><span class='ocrx_word' id='word_1_33' title='bbox 524 391 681 423; x_wconf 88' lang='lat' dir='ltr'>UTRUM</span> <span class='ocrx_word' id='word_1_34' title='bbox 705 391 930 424; x_wconf 80' lang='lat' dir='ltr'>SACERDos</span> <span class='ocrx_word' id='word_1_35' title='bbox 953 393 1127 424; x_wconf 84' lang='lat' dir='ltr'><strong>DEBEAT</strong></span> <span class='ocrx_word' id='word_1_36' title='bbox 1151 391 1388 424; x_wconf 84' lang='lat' dir='ltr'><strong>DENEGARE</strong></span> <span class='ocrx_word' id='word_1_37' title='bbox 1412 391 1581 422; x_wconf 82' lang='lat' dir='ltr'>CORPUs</span> <span class='ocrx_word' id='word_1_38' title='bbox 1605 392 1778 423; x_wconf 82' lang='lat' dir='ltr'>CHRISTI</span> <span class='ocrx_word' id='word_1_39' title='bbox 1802 393 2053 426; x_wconf 76' lang='lat' dir='ltr'>PECCATom</span> <span class='ocrx_word' id='word_1_40' title='bbox 2075 397 2261 429; x_wconf 81' lang='lat' dir='ltr'>PETENTI</span> 
     </span>
    </p>
   </div>
   <div class='ocr_carea' id='block_1_10' title="bbox 518 469 2267 506">
    <p class='ocr_par' dir='ltr' id='par_1_10' title="bbox 518 469 2267 506">
     <span class='ocr_line' id='line_1_13' title="bbox 518 469 2267 506; baseline 0.003 -12"><span class='ocrx_word' id='word_1_41' title='bbox 518 469 593 501; x_wconf 74' lang='lat' dir='ltr'>Infra,</span> <span class='ocrx_word' id='word_1_42' title='bbox 612 478 656 502; x_wconf 90' lang='lat' dir='ltr'>qu.</span> <span class='ocrx_word' id='word_1_43' title='bbox 676 478 756 500; x_wconf 75' lang='lat' dir='ltr'>mxi,</span> <span class='ocrx_word' id='word_1_44' title='bbox 775 475 822 495; x_wconf 78' lang='lat' dir='ltr'>art.</span> <span class='ocrx_word' id='word_1_45' title='bbox 843 477 873 500; x_wconf 89' lang='lat'>2;</span> <span class='ocrx_word' id='word_1_46' title='bbox 893 471 927 495; x_wconf 94' lang='lat' dir='ltr'>1v</span> <span class='ocrx_word' id='word_1_47' title='bbox 945 471 1030 500; x_wconf 84' lang='lat' dir='ltr'>Sent.‚</span> <span class='ocrx_word' id='word_1_48' title='bbox 1049 470 1108 495; x_wconf 81' lang='lat' dir='ltr'>dist.</span> <span class='ocrx_word' id='word_1_49' title='bbox 1126 477 1160 501; x_wconf 77' lang='lat' dir='ltr'>ix,</span> <span class='ocrx_word' id='word_1_50' title='bbox 1179 474 1227 495; x_wconf 80' lang='lat' dir='ltr'>art.</span> <span class='ocrx_word' id='word_1_51' title='bbox 1249 469 1271 500; x_wconf 85' lang='grc'>5,</span> <span class='ocrx_word' id='word_1_52' title='bbox 1291 470 1339 502; x_wconf 71' lang='lat' dir='ltr'>qu·</span> <span class='ocrx_word' id='word_1_53' title='bbox 1360 476 1388 500; x_wconf 85' lang='lat'>1;</span> <span class='ocrx_word' id='word_1_54' title='bbox 1409 470 1467 494; x_wconf 82' lang='lat' dir='ltr'>dist.</span> <span class='ocrx_word' id='word_1_55' title='bbox 1486 477 1519 500; x_wconf 77' lang='lat' dir='ltr'>xx,</span> <span class='ocrx_word' id='word_1_56' title='bbox 1539 478 1585 502; x_wconf 90' lang='lat' dir='ltr'>qu.</span> <span class='ocrx_word' id='word_1_57' title='bbox 1603 477 1640 502; x_wconf 82' lang='lat' dir='ltr'>m,</span> <span class='ocrx_word' id='word_1_58' title='bbox 1660 476 1706 496; x_wconf 78' lang='lat' dir='ltr'>art.</span> <span class='ocrx_word' id='word_1_59' title='bbox 1727 479 1750 502; x_wconf 84' lang='lat'>2,</span> <span class='ocrx_word' id='word_1_60' title='bbox 1771 471 1820 504; x_wconf 63' lang='lat' dir='ltr'>qu*</span> <span class='ocrx_word' id='word_1_61' title='bbox 1841 479 1870 502; x_wconf 85' lang='lat'>1;</span> <span class='ocrx_word' id='word_1_62' title='bbox 1895 473 1990 502; x_wconf 86' lang='lat' dir='ltr'>Quodl.</span> <span class='ocrx_word' id='word_1_63' title='bbox 2010 474 2045 502; x_wconf 92' lang='lat' dir='ltr'>V,</span> <span class='ocrx_word' id='word_1_64' title='bbox 2064 481 2107 506; x_wconf 89' lang='lat' dir='ltr'>qu.</span> <span class='ocrx_word' id='word_1_65' title='bbox 2125 482 2159 505; x_wconf 79' lang='lat' dir='ltr'>w,</span> <span class='ocrx_word' id='word_1_66' title='bbox 2179 481 2224 501; x_wconf 83' lang='lat' dir='ltr'>art.</span> <span class='ocrx_word' id='word_1_67' title='bbox 2244 484 2267 501; x_wconf 85' lang='lat'>2.</span> 
     </span>
    </p>
   </div>
   <div class='ocr_carea' id='block_1_11' title="bbox 299 539 1370 1486">
    <p class='ocr_par' dir='ltr' id='par_1_11' title="bbox 304 539 1369 1167">
     <span class='ocr_line' id='line_1_14' title="bbox 333 539 1364 637; baseline -0.002 -59"><span class='ocrx_word' id='word_1_68' title='bbox 333 556 393 637; x_wconf 41' lang='grc' dir='ltr'>ἐς</span> <span class='ocrx_word' id='word_1_69' title='bbox 422 559 494 623; x_wconf 46' lang='grc' dir='ltr'>ιεῖ(</span> <span class='ocrx_word' id='word_1_70' title='bbox 517 553 540 577; x_wconf 86' lang='lat' dir='ltr'>D</span> <span class='ocrx_word' id='word_1_71' title='bbox 568 553 709 630; x_wconf 58' lang='lat' dir='ltr'>suc-Imm</span> <span class='ocrx_word' id='word_1_72' title='bbox 722 553 796 630; x_wconf 59' lang='lat' dir='ltr'>&lt;{neb</span> <span class='ocrx_word' id='word_1_73' title='bbox 810 553 1044 630; x_wconf 60' lang='lat' dir='ltr'>Patoccissmwiz.</span> <span class='ocrx_word' id='word_1_74' title='bbox 1073 540 1235 629; x_wconf 37' lang='lat' dir='ltr'>Videttllisr</span> <span class='ocrx_word' id='word_1_75' title='bbox 1257 539 1364 630; x_wconf 49' lang='lat' dir='ltr'>{iffi-id</span> 
     </span>
     <span class='ocr_line' id='line_1_15' title="bbox 332 605 1364 631; baseline 0.001 -2"><span class='ocrx_word' id='word_1_76' title='bbox 332 607 333 610; x_wconf 47' lang='lat'>¹</span> <span class='ocrx_word' id='word_1_77' title='bbox 518 605 623 631; x_wconf 89' lang='lat' dir='ltr'>sacer</span> <span class='ocrx_word' id='word_1_78' title='bbox 651 605 694 630; x_wconf 92' lang='lat' dir='ltr'>os</span> <span class='ocrx_word' id='word_1_79' title='bbox 749 605 770 630; x_wconf 92' lang='lat' dir='ltr'>e</span> <span class='ocrx_word' id='word_1_80' title='bbox 799 605 844 630; x_wconf 93' lang='lat' dir='ltr'>ea</span> <span class='ocrx_word' id='word_1_81' title='bbox 904 605 975 630; x_wconf 91' lang='lat' dir='ltr'>ene</span> <span class='ocrx_word' id='word_1_82' title='bbox 1001 605 1064 629; x_wconf 89' lang='lat' dir='ltr'>are</span> <span class='ocrx_word' id='word_1_83' title='bbox 1086 605 1132 630; x_wconf 93' lang='lat' dir='ltr'>co</span> <span class='ocrx_word' id='word_1_84' title='bbox 1350 614 1364 620; x_wconf 92' lang='lat'>-</span> 
     </span>
     <span class='ocr_line' id='line_1_16' title="bbox 325 602 1365 695; baseline 0.002 -15"><span class='ocrx_word' id='word_1_85' title='bbox 325 646 367 694; x_wconf 45' lang='lat' dir='ltr'>,f</span> <span class='ocrx_word' id='word_1_86' title='bbox 409 602 561 693; x_wconf 32' lang='lat' dir='ltr'>afflasti</span> <span class='ocrx_word' id='word_1_87' title='bbox 590 645 780 695; x_wconf 86' lang='lat' dir='ltr'>peccatori</span> <span class='ocrx_word' id='word_1_88' title='bbox 807 645 959 694; x_wconf 90' lang='lat' dir='ltr'>petenti.</span> <span class='ocrx_word' id='word_1_89' title='bbox 976 605 1082 682; x_wconf 76' lang='lat' dir='ltr'>gNon</span> <span class='ocrx_word' id='word_1_90' title='bbox 1102 605 1288 682; x_wconf 61' lang='lat' dir='ltr'>esltpenim</span> <span class='ocrx_word' id='word_1_91' title='bbox 1315 645 1365 682; x_wconf 90' lang='lat' dir='ltr'>fa-</span> 
     </span>
     <span class='ocr_line' id='line_1_17' title="bbox 328 690 1366 747; baseline 0.001 -14"><span class='ocrx_word' id='word_1_92' title='bbox 328 690 338 701; x_wconf 51' lang='lat'><em>*</em></span> <span class='ocrx_word' id='word_1_93' title='bbox 364 716 374 731; x_wconf 69' lang='lat'><strong>&gt;</strong></span> <span class='ocrx_word' id='word_1_94' title='bbox 385 692 700 736; x_wconf 32' lang='lat' dir='ltr'>&#39;³21&#39;KCiessdum</span> <span class='ocrx_word' id='word_1_95' title='bbox 715 705 846 734; x_wconf 86' lang='lat' dir='ltr'>contra</span> <span class='ocrx_word' id='word_1_96' title='bbox 861 697 1001 734; x_wconf 89' lang='lat' dir='ltr'>Christi</span> <span class='ocrx_word' id='word_1_97' title='bbox 1014 705 1264 747; x_wconf 89' lang='lat' dir='ltr'>praeceptum</span> <span class='ocrx_word' id='word_1_98' title='bbox 1279 710 1366 746; x_wconf 92' lang='lat' dir='ltr'>pro-</span> 
     </span>
     <span class='ocr_line' id='line_1_18' title="bbox 304 749 1367 800; baseline -0.001 -13"><span class='ocrx_word' id='word_1_99' title='bbox 304 757 388 800; x_wconf 91' lang='lat' dir='ltr'>pter</span> <span class='ocrx_word' id='word_1_100' title='bbox 414 749 616 788; x_wconf 91' lang='lat' dir='ltr'>vitandum</span> <span class='ocrx_word' id='word_1_101' title='bbox 633 750 880 798; x_wconf 86' lang='lat' dir='ltr'>scandalum,</span> <span class='ocrx_word' id='word_1_102' title='bbox 908 762 1036 799; x_wconf 91' lang='lat' dir='ltr'>neque</span> <span class='ocrx_word' id='word_1_103' title='bbox 1063 757 1220 800; x_wconf 91' lang='lat' dir='ltr'>propter</span> <span class='ocrx_word' id='word_1_104' title='bbox 1246 749 1367 787; x_wconf 90' lang='lat' dir='ltr'>vitan-</span> 
     </span>
     <span class='ocr_line' id='line_1_19' title="bbox 306 801 1367 852; baseline 0 -13"><span class='ocrx_word' id='word_1_105' title='bbox 306 803 430 840; x_wconf 69' lang='lat' dir='ltr'>dumez</span> <span class='ocrx_word' id='word_1_106' title='bbox 449 801 646 840; x_wconf 87' lang='lat' dir='ltr'>infamiam</span> <span class='ocrx_word' id='word_1_107' title='bbox 661 802 831 840; x_wconf 86' lang='lat' dir='ltr'>alicuius.</span> <span class='ocrx_word' id='word_1_108' title='bbox 853 803 930 839; x_wconf 91' lang='lat' dir='ltr'>Sed</span> <span class='ocrx_word' id='word_1_109' title='bbox 952 802 1144 839; x_wconf 87' lang='lat' dir='ltr'>Dominus</span> <span class='ocrx_word' id='word_1_110' title='bbox 1163 802 1367 852; x_wconf 84' lang='lat' dir='ltr'>praecepit,</span> 
     </span>
     <span class='ocr_line' id='line_1_20' title="bbox 304 854 1368 892; baseline 0.001 -1"><span class='ocrx_word' id='word_1_111' title='bbox 304 855 439 891; x_wconf 89' lang='lat' dir='ltr'>Matth.</span> <span class='ocrx_word' id='word_1_112' title='bbox 459 867 505 891; x_wconf 87' lang='lat' dir='ltr'>vn</span> <span class='ocrx_word' id='word_1_113' title='bbox 524 855 561 891; x_wconf 79' lang='lat' dir='ltr'>*z</span> <span class='ocrx_word' id='word_1_114' title='bbox 594 855 721 892; x_wconf 54' lang='lat' dir='ltr'>A&#39;olite</span> <span class='ocrx_word' id='word_1_115' title='bbox 746 861 914 892; x_wconf 90' lang='lat' dir='ltr'>sanctum</span> <span class='ocrx_word' id='word_1_116' title='bbox 938 855 1029 892; x_wconf 89' lang='lat' dir='ltr'>dare</span> <span class='ocrx_word' id='word_1_117' title='bbox 1056 857 1218 892; x_wconf 88' lang='lat' dir='ltr'>canibus.</span> <span class='ocrx_word' id='word_1_118' title='bbox 1247 854 1368 892; x_wconf 87' lang='lat' dir='ltr'>Maxi-</span> 
     </span>
     <span class='ocr_line' id='line_1_21' title="bbox 304 907 1368 945; baseline 0.002 -2"><span class='ocrx_word' id='word_1_119' title='bbox 304 919 368 944; x_wconf 91' lang='lat' dir='ltr'>me</span> <span class='ocrx_word' id='word_1_120' title='bbox 388 914 518 944; x_wconf 88' lang='lat' dir='ltr'>autem</span> <span class='ocrx_word' id='word_1_121' title='bbox 545 907 657 944; x_wconf 90' lang='lat' dir='ltr'>datur</span> <span class='ocrx_word' id='word_1_122' title='bbox 685 915 860 944; x_wconf 88' lang='lat' dir='ltr'>sanctum</span> <span class='ocrx_word' id='word_1_123' title='bbox 897 907 1056 944; x_wconf 90' lang='lat' dir='ltr'>canibus</span> <span class='ocrx_word' id='word_1_124' title='bbox 1088 920 1179 944; x_wconf 90' lang='lat' dir='ltr'>cum</span> <span class='ocrx_word' id='word_1_125' title='bbox 1208 908 1283 944; x_wconf 93' lang='lat' dir='ltr'>hoc</span> <span class='ocrx_word' id='word_1_126' title='bbox 1311 920 1368 945; x_wconf 91' lang='lat' dir='ltr'>sa-</span> 
     </span>
     <span class='ocr_line' id='line_1_22' title="bbox 305 959 1367 1010; baseline 0.001 -14"><span class='ocrx_word' id='word_1_127' title='bbox 305 967 545 996; x_wconf 89' lang='lat' dir='ltr'>cramentum</span> <span class='ocrx_word' id='word_1_128' title='bbox 574 959 837 1009; x_wconf 90' lang='lat' dir='ltr'>peccatoribus</span> <span class='ocrx_word' id='word_1_129' title='bbox 866 960 1076 997; x_wconf 88' lang='lat' dir='ltr'>exhibetur.</span> <span class='ocrx_word' id='word_1_130' title='bbox 1110 961 1212 1009; x_wconf 87' lang='lat' dir='ltr'>Ergo</span> <span class='ocrx_word' id='word_1_131' title='bbox 1241 973 1367 1010; x_wconf 89' lang='lat' dir='ltr'>neque</span> 
     </span>
     <span class='ocr_line' id='line_1_23' title="bbox 304 1012 1368 1062; baseline 0.002 -14"><span class='ocrx_word' id='word_1_132' title='bbox 304 1019 461 1061; x_wconf 88' lang='lat' dir='ltr'>propter</span> <span class='ocrx_word' id='word_1_133' title='bbox 487 1012 688 1049; x_wconf 88' lang='lat' dir='ltr'>vitandum</span> <span class='ocrx_word' id='word_1_134' title='bbox 717 1013 953 1059; x_wconf 89' lang='lat' dir='ltr'>scandalum,</span> <span class='ocrx_word' id='word_1_135' title='bbox 978 1025 1105 1062; x_wconf 92' lang='lat' dir='ltr'>neque</span> <span class='ocrx_word' id='word_1_136' title='bbox 1133 1021 1290 1062; x_wconf 91' lang='lat' dir='ltr'>propter</span> <span class='ocrx_word' id='word_1_137' title='bbox 1316 1013 1368 1050; x_wconf 93' lang='lat' dir='ltr'>vi-</span> 
     </span>
     <span class='ocr_line' id='line_1_24' title="bbox 304 1064 1369 1111; baseline 0.003 -10"><span class='ocrx_word' id='word_1_138' title='bbox 304 1065 462 1102; x_wconf 88' lang='lat' dir='ltr'>tandam</span> <span class='ocrx_word' id='word_1_139' title='bbox 490 1064 687 1102; x_wconf 88' lang='lat' dir='ltr'>infamiam</span> <span class='ocrx_word' id='word_1_140' title='bbox 715 1065 886 1111; x_wconf 90' lang='lat' dir='ltr'>alicuius,</span> <span class='ocrx_word' id='word_1_141' title='bbox 907 1066 1020 1103; x_wconf 90' lang='lat' dir='ltr'>debet</span> <span class='ocrx_word' id='word_1_142' title='bbox 1047 1067 1123 1103; x_wconf 91' lang='lat' dir='ltr'>hoc</span> <span class='ocrx_word' id='word_1_143' title='bbox 1154 1078 1369 1104; x_wconf 89' lang='lat' dir='ltr'>sacramen-</span> 
     </span>
     <span class='ocr_line' id='line_1_25' title="bbox 305 1117 896 1167; baseline 0.002 -13"><span class='ocrx_word' id='word_1_144' title='bbox 305 1125 390 1155; x_wconf 92' lang='lat' dir='ltr'>tum</span> <span class='ocrx_word' id='word_1_145' title='bbox 415 1117 607 1167; x_wconf 85' lang='lat' dir='ltr'>peccatori</span> <span class='ocrx_word' id='word_1_146' title='bbox 634 1117 776 1167; x_wconf 91' lang='lat' dir='ltr'>petenti</span> <span class='ocrx_word' id='word_1_147' title='bbox 804 1118 896 1156; x_wconf 88' lang='lat' dir='ltr'>dari.</span> 
     </span>
    </p>

    <p class='ocr_par' dir='ltr' id='par_1_12' title="bbox 299 1171 1370 1486">
     <span class='ocr_line' id='line_1_26' title="bbox 360 1171 1368 1218; baseline 0.003 -11"><span class='ocrx_word' id='word_1_148' title='bbox 360 1181 395 1207; x_wconf 90' lang='lat'>2.</span> <span class='ocrx_word' id='word_1_149' title='bbox 425 1171 655 1218; x_wconf 74' lang='lat' dir='ltr'>PRAETEREA,</span> <span class='ocrx_word' id='word_1_150' title='bbox 676 1171 724 1208; x_wconf 92' lang='lat' dir='ltr'>de</span> <span class='ocrx_word' id='word_1_151' title='bbox 752 1171 907 1209; x_wconf 92' lang='lat' dir='ltr'>duobus</span> <span class='ocrx_word' id='word_1_152' title='bbox 935 1171 1045 1209; x_wconf 90' lang='lat' dir='ltr'>malis</span> <span class='ocrx_word' id='word_1_153' title='bbox 1068 1179 1124 1209; x_wconf 90' lang='lat' dir='ltr'>est</span> <span class='ocrx_word' id='word_1_154' title='bbox 1141 1172 1271 1210; x_wconf 87' lang='lat' dir='ltr'>minus</span> <span class='ocrx_word' id='word_1_155' title='bbox 1291 1185 1368 1210; x_wconf 87' lang='lat' dir='ltr'>ma-</span> 
     </span>
     <span class='ocr_line' id='line_1_27' title="bbox 304 1223 1370 1272; baseline 0.002 -12"><span class='ocrx_word' id='word_1_156' title='bbox 304 1224 386 1261; x_wconf 88' lang='lat' dir='ltr'>lum</span> <span class='ocrx_word' id='word_1_157' title='bbox 415 1223 646 1272; x_wconf 89' lang='lat' dir='ltr'>eligendum.</span> <span class='ocrx_word' id='word_1_158' title='bbox 677 1224 754 1261; x_wconf 91' lang='lat' dir='ltr'>Sed</span> <span class='ocrx_word' id='word_1_159' title='bbox 782 1224 911 1262; x_wconf 88' lang='lat' dir='ltr'>minus</span> <span class='ocrx_word' id='word_1_160' title='bbox 939 1226 1088 1262; x_wconf 89' lang='lat' dir='ltr'>malum</span> <span class='ocrx_word' id='word_1_161' title='bbox 1115 1237 1198 1262; x_wconf 88' lang='lat' dir='ltr'>esse</span> <span class='ocrx_word' id='word_1_162' title='bbox 1217 1225 1370 1262; x_wconf 90' lang='lat' dir='ltr'>videtur</span> 
     </span>
     <span class='ocr_line' id='line_1_28' title="bbox 306 1275 1369 1326; baseline 0.002 -13"><span class='ocrx_word' id='word_1_163' title='bbox 306 1275 338 1313; x_wconf 87' lang='lat' dir='ltr'>si</span> <span class='ocrx_word' id='word_1_164' title='bbox 363 1284 543 1326; x_wconf 90' lang='lat' dir='ltr'>peccator</span> <span class='ocrx_word' id='word_1_165' title='bbox 569 1276 784 1324; x_wconf 85' lang='lat' dir='ltr'>infametur,</span> <span class='ocrx_word' id='word_1_166' title='bbox 805 1279 867 1314; x_wconf 89' lang='lat' dir='ltr'>vel</span> <span class='ocrx_word' id='word_1_167' title='bbox 894 1277 1009 1315; x_wconf 84' lang='lat' dir='ltr'>etiam</span> <span class='ocrx_word' id='word_1_168' title='bbox 1033 1277 1064 1314; x_wconf 91' lang='lat' dir='ltr'>si</span> <span class='ocrx_word' id='word_1_169' title='bbox 1085 1277 1120 1314; x_wconf 91' lang='lat' dir='ltr'>ei</span> <span class='ocrx_word' id='word_1_170' title='bbox 1139 1277 1263 1316; x_wconf 88' lang='lat' dir='ltr'>hostia</span> <span class='ocrx_word' id='word_1_171' title='bbox 1289 1290 1369 1316; x_wconf 91' lang='lat' dir='ltr'>non</span> 
     </span>
     <span class='ocr_line' id='line_1_29' title="bbox 303 1329 1368 1382; baseline 0.002 -16"><span class='ocrx_word' id='word_1_172' title='bbox 303 1337 526 1382; x_wconf 73' lang='lat' dir='ltr'>consecrata</span> <span class='ocrx_word' id='word_1_173' title='bbox 540 1329 676 1375; x_wconf 77' lang='lat' dir='ltr'>detur,</span> <span class='ocrx_word' id='word_1_174' title='bbox 706 1342 826 1379; x_wconf 91' lang='lat' dir='ltr'>quam</span> <span class='ocrx_word' id='word_1_175' title='bbox 852 1330 885 1382; x_wconf 74' lang='lat' dir='ltr'>vsi</span> <span class='ocrx_word' id='word_1_176' title='bbox 905 1343 1062 1367; x_wconf 88' lang='lat' dir='ltr'>sumens</span> <span class='ocrx_word' id='word_1_177' title='bbox 1089 1342 1230 1380; x_wconf 88' lang='lat' dir='ltr'>corpus</span> <span class='ocrx_word' id='word_1_178' title='bbox 1260 1331 1368 1368; x_wconf 89' lang='lat' dir='ltr'>Chri-</span> 
     </span>
     <span class='ocr_line' id='line_1_30' title="bbox 299 1381 1368 1433; baseline 0.002 -14"><span class='ocrx_word' id='word_1_179' title='bbox 299 1381 352 1419; x_wconf 69' lang='lat' dir='ltr'>‘s‘fi</span> <span class='ocrx_word' id='word_1_180' title='bbox 377 1382 585 1420; x_wconf 88' lang='lat' dir='ltr'>mortaliter</span> <span class='ocrx_word' id='word_1_181' title='bbox 603 1389 755 1432; x_wconf 83' lang='lat' dir='ltr'>peccet.&#39;</span> <span class='ocrx_word' id='word_1_182' title='bbox 774 1383 876 1431; x_wconf 87' lang='lat' dir='ltr'>Ergo</span> <span class='ocrx_word' id='word_1_183' title='bbox 895 1383 1046 1421; x_wconf 88' lang='lat' dir='ltr'>videtur</span> <span class='ocrx_word' id='word_1_184' title='bbox 1064 1384 1140 1420; x_wconf 90' lang='lat' dir='ltr'>hoc</span> <span class='ocrx_word' id='word_1_185' title='bbox 1159 1383 1286 1433; x_wconf 92' lang='lat' dir='ltr'>potius</span> <span class='ocrx_word' id='word_1_186' title='bbox 1305 1383 1368 1421; x_wconf 88' lang='lat' dir='ltr'>eli-</span> 
     </span>
     <span class='ocr_line' id='line_1_31' title="bbox 302 1435 1369 1486; baseline 0.002 -14"><span class='ocrx_word' id='word_1_187' title='bbox 302 1435 490 1484; x_wconf 88' lang='lat' dir='ltr'>gendum,</span> <span class='ocrx_word' id='word_1_188' title='bbox 510 1436 617 1485; x_wconf 89' lang='lat' dir='ltr'>quod</span> <span class='ocrx_word' id='word_1_189' title='bbox 635 1436 697 1473; x_wconf 89' lang='lat' dir='ltr'>vel</span> <span class='ocrx_word' id='word_1_190' title='bbox 714 1435 919 1474; x_wconf 89' lang='lat' dir='ltr'>infametur</span> <span class='ocrx_word' id='word_1_191' title='bbox 936 1444 1114 1486; x_wconf 89' lang='lat' dir='ltr'>peccator</span> <span class='ocrx_word' id='word_1_192' title='bbox 1138 1444 1271 1486; x_wconf 90' lang='lat' dir='ltr'>petens</span> <span class='ocrx_word' id='word_1_193' title='bbox 1290 1449 1369 1474; x_wconf 90' lang='lat' dir='ltr'>cor-</span> 
     </span>
    </p>
   </div>
   <div class='ocr_carea' id='block_1_12' title="bbox 319 558 508 740">
    <p class='ocr_par' dir='ltr' id='par_1_13' title="bbox 319 558 508 740">
     <span class='ocr_line' id='line_1_32' title="bbox 319 558 508 620; baseline 0 -24"><span class='ocrx_word' id='word_1_194' title='bbox 319 558 508 620; x_wconf 95' lang='lat' dir='ltr'>   </span> 
     </span>
     <span class='ocr_line' id='line_1_33' title="bbox 319 620 476 740; baseline 0 -20"><span class='ocrx_word' id='word_1_195' title='bbox 319 620 476 740; x_wconf 95' lang='lat' dir='ltr'>  </span> 
     </span>
    </p>
   </div>
   <div class='ocr_carea' id='block_1_13' title="bbox 306 1487 1392 1578">
    <p class='ocr_par' dir='ltr' id='par_1_14' title="bbox 306 1487 1392 1578">
     <span class='ocr_line' id='line_1_34' title="bbox 306 1487 1392 1538; baseline 0 -12"><span class='ocrx_word' id='word_1_196' title='bbox 306 1500 382 1538; x_wconf 88' lang='lat' dir='ltr'>pus</span> <span class='ocrx_word' id='word_1_197' title='bbox 410 1487 560 1535; x_wconf 88' lang='lat' dir='ltr'>Christi,</span> <span class='ocrx_word' id='word_1_198' title='bbox 587 1489 650 1526; x_wconf 92' lang='lat' dir='ltr'>vel</span> <span class='ocrx_word' id='word_1_199' title='bbox 676 1488 791 1526; x_wconf 88' lang='lat' dir='ltr'>etiam</span> <span class='ocrx_word' id='word_1_200' title='bbox 819 1489 930 1527; x_wconf 90' lang='lat' dir='ltr'>detur</span> <span class='ocrx_word' id='word_1_201' title='bbox 957 1489 992 1526; x_wconf 90' lang='lat' dir='ltr'>ei</span> <span class='ocrx_word' id='word_1_202' title='bbox 1020 1489 1144 1526; x_wconf 92' lang='lat' dir='ltr'>hostia</span> <span class='ocrx_word' id='word_1_203' title='bbox 1171 1501 1251 1526; x_wconf 89' lang='lat' dir='ltr'>non</span> <span class='ocrx_word' id='word_1_204' title='bbox 1279 1501 1369 1526; x_wconf 91' lang='lat' dir='ltr'>con·</span> <span class='ocrx_word' id='word_1_205' title='bbox 1390 1497 1392 1500; x_wconf 85' lang='lat'>&#39;</span> 
     </span>
     <span class='ocr_line' id='line_1_35' title="bbox 308 1548 464 1578; baseline -0.006 0"><span class='ocrx_word' id='word_1_206' title='bbox 308 1548 464 1578; x_wconf 73' lang='lat' dir='ltr'>sectata.</span> 
     </span>
    </p>
   </div>
   <div class='ocr_carea' id='block_1_14' title="bbox 303 1593 1372 2119">
    <p class='ocr_par' dir='ltr' id='par_1_15' title="bbox 303 1593 1372 2119">
     <span class='ocr_line' id='line_1_36' title="bbox 363 1593 1371 1643; baseline 0.002 -13"><span class='ocrx_word' id='word_1_207' title='bbox 363 1593 396 1630; x_wconf 86' lang='lat'>3.</span> <span class='ocrx_word' id='word_1_208' title='bbox 426 1594 667 1641; x_wconf 78' lang='lat' dir='ltr'>PRAETEREA,</span> <span class='ocrx_word' id='word_1_209' title='bbox 697 1606 842 1643; x_wconf 50' lang='lat' dir='ltr'>corpus,</span> <span class='ocrx_word' id='word_1_210' title='bbox 867 1594 1006 1631; x_wconf 86' lang='lat' dir='ltr'>Christi</span> <span class='ocrx_word' id='word_1_211' title='bbox 1033 1594 1227 1631; x_wconf 90' lang='lat' dir='ltr'>interdum</span> <span class='ocrx_word' id='word_1_212' title='bbox 1259 1594 1371 1632; x_wconf 88' lang='lat' dir='ltr'>datur</span> 
     </span>
     <span class='ocr_line' id='line_1_37' title="bbox 307 1645 1368 1696; baseline 0.002 -13"><span class='ocrx_word' id='word_1_213' title='bbox 307 1645 492 1696; x_wconf 85' lang='lat' dir='ltr'>suspectis</span> <span class='ocrx_word' id='word_1_214' title='bbox 520 1646 567 1683; x_wconf 92' lang='lat' dir='ltr'>de</span> <span class='ocrx_word' id='word_1_215' title='bbox 587 1645 746 1684; x_wconf 89' lang='lat' dir='ltr'>crimine</span> <span class='ocrx_word' id='word_1_216' title='bbox 774 1647 823 1684; x_wconf 91' lang='lat' dir='ltr'>ad</span> <span class='ocrx_word' id='word_1_217' title='bbox 852 1659 989 1684; x_wconf 89' lang='lat' dir='ltr'>eorum</span> <span class='ocrx_word' id='word_1_218' title='bbox 1007 1646 1368 1685; x_wconf 88' lang='lat' dir='ltr'>manifestationem:</span> 
     </span>
     <span class='ocr_line' id='line_1_38' title="bbox 304 1697 1370 1750; baseline 0.003 -15"><span class='ocrx_word' id='word_1_219' title='bbox 304 1697 442 1749; x_wconf 83' lang='lat' dir='ltr'>legitur</span> <span class='ocrx_word' id='word_1_220' title='bbox 469 1698 573 1736; x_wconf 92' lang='lat' dir='ltr'>enim</span> <span class='ocrx_word' id='word_1_221' title='bbox 601 1698 641 1736; x_wconf 90' lang='lat' dir='ltr'>in</span> <span class='ocrx_word' id='word_1_222' title='bbox 668 1699 849 1746; x_wconf 88' lang='lat' dir='ltr'>Decretis,</span> <span class='ocrx_word' id='word_1_223' title='bbox 871 1700 914 1747; x_wconf 91' lang='lat'>11,</span> <span class='ocrx_word' id='word_1_224' title='bbox 935 1712 1000 1749; x_wconf 89' lang='lat' dir='ltr'>qu.</span> <span class='ocrx_word' id='word_1_225' title='bbox 1020 1712 1055 1737; x_wconf 95' lang='lat' dir='ltr'>1v</span> <span class='ocrx_word' id='word_1_226' title='bbox 1072 1699 1108 1736; x_wconf 77' lang='grc' dir='ltr'>*ε</span> <span class='ocrx_word' id='word_1_227' title='bbox 1138 1701 1256 1750; x_wconf 87' lang='lat' dir='ltr'>Saepe</span> <span class='ocrx_word' id='word_1_228' title='bbox 1283 1713 1370 1738; x_wconf 91' lang='lat' dir='ltr'>con-</span> 
     </span>
     <span class='ocr_line' id='line_1_39' title="bbox 305 1752 1370 1803; baseline 0.002 -14"><span class='ocrx_word' id='word_1_229' title='bbox 305 1752 415 1802; x_wconf 69' lang='lat' dir='ltr'>tingit</span> <span class='ocrx_word' id='word_1_230' title='bbox 441 1758 480 1789; x_wconf 90' lang='lat' dir='ltr'>ut</span> <span class='ocrx_word' id='word_1_231' title='bbox 506 1755 543 1788; x_wconf 92' lang='lat' dir='ltr'>in</span> <span class='ocrx_word' id='word_1_232' title='bbox 572 1754 803 1790; x_wconf 86' lang='lat' dir='ltr'>monasteriis</span> <span class='ocrx_word' id='word_1_233' title='bbox 821 1754 1091 1790; x_wconf 88' lang='lat' dir='ltr'>monachorum</span> <span class='ocrx_word' id='word_1_234' title='bbox 1108 1753 1219 1801; x_wconf 86' lang='lat' dir='ltr'>furta</span> <span class='ocrx_word' id='word_1_235' title='bbox 1238 1766 1370 1803; x_wconf 81' lang='lat' dir='ltr'>perpe-</span> 
     </span>
     <span class='ocr_line' id='line_1_40' title="bbox 303 1804 1372 1855; baseline 0.003 -14"><span class='ocrx_word' id='word_1_236' title='bbox 303 1809 460 1841; x_wconf 79' lang='lat' dir='ltr'>trentur.</span> <span class='ocrx_word' id='word_1_237' title='bbox 488 1804 636 1842; x_wconf 85' lang='lat' dir='ltr'>Idcirco</span> <span class='ocrx_word' id='word_1_238' title='bbox 662 1807 852 1842; x_wconf 82' lang='lat' dir='ltr'>statuimus</span> <span class='ocrx_word' id='word_1_239' title='bbox 880 1811 929 1851; x_wconf 89' lang='lat' dir='ltr'>ut,</span> <span class='ocrx_word' id='word_1_240' title='bbox 958 1806 1106 1855; x_wconf 89' lang='lat' dir='ltr'>quando</span> <span class='ocrx_word' id='word_1_241' title='bbox 1141 1807 1211 1855; x_wconf 83' lang='lat' dir='ltr'>ipsi</span> <span class='ocrx_word' id='word_1_242' title='bbox 1226 1807 1372 1854; x_wconf 87' lang='lat' dir='ltr'>fratres</span> 
     </span>
     <span class='ocr_line' id='line_1_41' title="bbox 303 1857 1372 1908; baseline 0.003 -14"><span class='ocrx_word' id='word_1_243' title='bbox 303 1857 360 1901; x_wconf 47' lang='lat' dir='ltr'>de,</span> <span class='ocrx_word' id='word_1_244' title='bbox 378 1857 510 1894; x_wconf 85' lang='lat' dir='ltr'>talibus</span> <span class='ocrx_word' id='word_1_245' title='bbox 537 1869 754 1908; x_wconf 82' lang='lat' dir='ltr'>expurgare</span> <span class='ocrx_word' id='word_1_246' title='bbox 780 1870 818 1895; x_wconf 90' lang='lat' dir='ltr'>se</span> <span class='ocrx_word' id='word_1_247' title='bbox 845 1858 990 1904; x_wconf 88' lang='lat' dir='ltr'>debent,</span> <span class='ocrx_word' id='word_1_248' title='bbox 1019 1860 1131 1895; x_wconf 90' lang='lat' dir='ltr'>missa</span> <span class='ocrx_word' id='word_1_249' title='bbox 1165 1861 1213 1896; x_wconf 91' lang='lat' dir='ltr'>ab</span> <span class='ocrx_word' id='word_1_250' title='bbox 1241 1861 1372 1897; x_wconf 84' lang='lat' dir='ltr'>abbate</span> 
     </span>
     <span class='ocr_line' id='line_1_42' title="bbox 306 1909 1370 1961; baseline 0.003 -14"><span class='ocrx_word' id='word_1_251' title='bbox 306 1910 510 1948; x_wconf 77' lang='lat' dir='ltr'>celebretur</span> <span class='ocrx_word' id='word_1_252' title='bbox 536 1911 594 1948; x_wconf 83' lang='lat' dir='ltr'>vel</span> <span class='ocrx_word' id='word_1_253' title='bbox 612 1909 627 1940; x_wconf 70' lang='grc' dir='ltr'>β</span> <span class='ocrx_word' id='word_1_254' title='bbox 655 1912 702 1948; x_wconf 91' lang='lat' dir='ltr'>ab</span> <span class='ocrx_word' id='word_1_255' title='bbox 729 1911 854 1961; x_wconf 87' lang='lat' dir='ltr'>aliquo</span> <span class='ocrx_word' id='word_1_256' title='bbox 887 1923 936 1948; x_wconf 92' lang='lat' dir='ltr'>ex</span> <span class='ocrx_word' id='word_1_257' title='bbox 957 1913 1212 1961; x_wconf 85' lang='lat' dir='ltr'>praesentibus</span> <span class='ocrx_word' id='word_1_258' title='bbox 1236 1914 1370 1960; x_wconf 80' lang='lat' dir='ltr'>sratri-</span> 
     </span>
     <span class='ocr_line' id='line_1_43' title="bbox 306 1962 1369 2013; baseline 0.003 -13"><span class='ocrx_word' id='word_1_259' title='bbox 306 1962 386 2009; x_wconf 82' lang='lat' dir='ltr'>bus,</span> <span class='ocrx_word' id='word_1_260' title='bbox 414 1973 447 2000; x_wconf 87' lang='lat' dir='ltr'>et</span> <span class='ocrx_word' id='word_1_261' title='bbox 473 1964 536 2010; x_wconf 85' lang='lat' dir='ltr'>sic,</span> <span class='ocrx_word' id='word_1_262' title='bbox 566 1964 711 2013; x_wconf 89' lang='lat' dir='ltr'>expleta</span> <span class='ocrx_word' id='word_1_263' title='bbox 739 1965 862 2010; x_wconf 85' lang='lat' dir='ltr'>missa,</span> <span class='ocrx_word' id='word_1_264' title='bbox 883 1977 1010 2002; x_wconf 90' lang='lat' dir='ltr'>omnes</span> <span class='ocrx_word' id='word_1_265' title='bbox 1035 1966 1305 2002; x_wconf 86' lang='lat' dir='ltr'>communicent</span> <span class='ocrx_word' id='word_1_266' title='bbox 1333 1968 1369 2003; x_wconf 87' lang='lat' dir='ltr'>in</span> 
     </span>
     <span class='ocr_line' id='line_1_44' title="bbox 306 2016 1370 2067; baseline 0.001 -13"><span class='ocrx_word' id='word_1_267' title='bbox 306 2016 399 2054; x_wconf 83' lang='lat' dir='ltr'>haec</span> <span class='ocrx_word' id='word_1_268' title='bbox 424 2018 551 2063; x_wconf 80' lang='lat' dir='ltr'>verba,</span> <span class='ocrx_word' id='word_1_269' title='bbox 575 2031 594 2050; x_wconf 84' lang='lat'>«</span> <span class='ocrx_word' id='word_1_270' title='bbox 621 2018 765 2066; x_wconf 83' lang='lat' dir='ltr'>Corpus</span> <span class='ocrx_word' id='word_1_271' title='bbox 787 2018 924 2054; x_wconf 85' lang='lat' dir='ltr'>Christi</span> <span class='ocrx_word' id='word_1_272' title='bbox 940 2019 984 2054; x_wconf 87' lang='lat' dir='ltr'>sit</span> <span class='ocrx_word' id='word_1_273' title='bbox 1001 2018 1067 2054; x_wconf 89' lang='lat' dir='ltr'>tibi</span> <span class='ocrx_word' id='word_1_274' title='bbox 1092 2017 1200 2054; x_wconf 91' lang='lat' dir='ltr'>hodie</span> <span class='ocrx_word' id='word_1_275' title='bbox 1218 2018 1268 2055; x_wconf 87' lang='lat' dir='ltr'>ad</span> <span class='ocrx_word' id='word_1_276' title='bbox 1280 2030 1370 2067; x_wconf 83' lang='lat' dir='ltr'>pro-</span> 
     </span>
     <span class='ocr_line' id='line_1_45' title="bbox 303 2069 1371 2119; baseline 0.001 -13"><span class='ocrx_word' id='word_1_277' title='bbox 303 2070 492 2106; x_wconf 80' lang='lat' dir='ltr'>bationem</span> <span class='ocrx_word' id='word_1_278' title='bbox 513 2085 547 2106; x_wconf 87' lang='lat'>›&gt;.</span> <span class='ocrx_word' id='word_1_279' title='bbox 577 2070 625 2106; x_wconf 92' lang='lat' dir='ltr'>Et</span> <span class='ocrx_word' id='word_1_280' title='bbox 643 2069 738 2106; x_wconf 90' lang='lat' dir='ltr'>infra</span> <span class='ocrx_word' id='word_1_281' title='bbox 756 2069 795 2106; x_wconf 75' lang='grc' dir='ltr'>*ε</span> <span class='ocrx_word' id='word_1_282' title='bbox 826 2071 867 2107; x_wconf 88' lang='lat' dir='ltr'>Si</span> <span class='ocrx_word' id='word_1_283' title='bbox 883 2071 1052 2119; x_wconf 84' lang='lat' dir='ltr'>episcopo</span> <span class='ocrx_word' id='word_1_284' title='bbox 1071 2070 1130 2107; x_wconf 77' lang='lat' dir='ltr'>vel</span> <span class='ocrx_word' id='word_1_285' title='bbox 1151 2072 1371 2119; x_wconf 81' lang='lat' dir='ltr'>presbytero</span> 
     </span>
    </p>
   </div>
   <div class='ocr_carea' id='block_1_15' title="bbox 271 2120 1371 2173">
    <p class='ocr_par' dir='ltr' id='par_1_16' title="bbox 271 2120 1371 2173">
     <span class='ocr_line' id='line_1_46' title="bbox 271 2120 1371 2173; baseline 0.002 -14"><span class='ocrx_word' id='word_1_286' title='bbox 271 2168 273 2170; x_wconf 15' lang='lat' dir='ltr'>q</span> <span class='ocrx_word' id='word_1_287' title='bbox 305 2120 459 2172; x_wconf 85' lang='lat' dir='ltr'>aliquod</span> <span class='ocrx_word' id='word_1_288' title='bbox 488 2122 712 2170; x_wconf 89' lang='lat' dir='ltr'>maleficium</span> <span class='ocrx_word' id='word_1_289' title='bbox 729 2123 850 2170; x_wconf 91' lang='lat' dir='ltr'>fuerit</span> <span class='ocrx_word' id='word_1_290' title='bbox 877 2124 1114 2172; x_wconf 83' lang='lat' dir='ltr'>imputatum,</span> <span class='ocrx_word' id='word_1_291' title='bbox 1144 2124 1181 2159; x_wconf 92' lang='lat' dir='ltr'>in</span> <span class='ocrx_word' id='word_1_292' title='bbox 1216 2125 1371 2173; x_wconf 82' lang='lat' dir='ltr'>singulis</span> 
     </span>
    </p>
   </div>
   <div class='ocr_carea' id='block_1_16' title="bbox 305 2175 1370 2434">
    <p class='ocr_par' dir='ltr' id='par_1_17' title="bbox 305 2175 1370 2434">
     <span class='ocr_line' id='line_1_47' title="bbox 306 2175 1370 2221; baseline 0.002 -10"><span class='ocrx_word' id='word_1_293' title='bbox 306 2176 420 2212; x_wconf 84' lang='lat' dir='ltr'>missa</span> <span class='ocrx_word' id='word_1_294' title='bbox 451 2175 635 2212; x_wconf 90' lang='lat' dir='ltr'>celebrari</span> <span class='ocrx_word' id='word_1_295' title='bbox 659 2175 762 2212; x_wconf 87' lang='lat' dir='ltr'>debet</span> <span class='ocrx_word' id='word_1_296' title='bbox 788 2181 822 2212; x_wconf 91' lang='lat' dir='ltr'>et</span> <span class='ocrx_word' id='word_1_297' title='bbox 848 2176 1137 2221; x_wconf 83' lang='lat' dir='ltr'>communicari,</span> <span class='ocrx_word' id='word_1_298' title='bbox 1167 2181 1200 2212; x_wconf 88' lang='lat' dir='ltr'>et</span> <span class='ocrx_word' id='word_1_299' title='bbox 1227 2176 1272 2212; x_wconf 89' lang='lat' dir='ltr'>de</span> <span class='ocrx_word' id='word_1_300' title='bbox 1297 2178 1370 2214; x_wconf 90' lang='lat' dir='ltr'>sin-</span> 
     </span>
     <span class='ocr_line' id='line_1_48' title="bbox 305 2228 1369 2278; baseline 0.002 -14"><span class='ocrx_word' id='word_1_301' title='bbox 305 2228 405 2278; x_wconf 79' lang='lat' dir='ltr'>gulis</span> <span class='ocrx_word' id='word_1_302' title='bbox 431 2229 501 2264; x_wconf 87' lang='lat' dir='ltr'>sibi</span> <span class='ocrx_word' id='word_1_303' title='bbox 527 2229 711 2277; x_wconf 86' lang='lat' dir='ltr'>imputatis</span> <span class='ocrx_word' id='word_1_304' title='bbox 738 2231 970 2264; x_wconf 88' lang='lat' dir='ltr'>innocentem</span> <span class='ocrx_word' id='word_1_305' title='bbox 997 2240 1035 2265; x_wconf 89' lang='lat' dir='ltr'>se</span> <span class='ocrx_word' id='word_1_306' title='bbox 1062 2229 1262 2265; x_wconf 87' lang='lat' dir='ltr'>ostendere.</span> <span class='ocrx_word' id='word_1_307' title='bbox 1294 2230 1369 2267; x_wconf 91' lang='lat' dir='ltr'>Sed</span> 
     </span>
     <span class='ocr_line' id='line_1_49' title="bbox 307 2280 1368 2331; baseline 0.001 -13"><span class='ocrx_word' id='word_1_308' title='bbox 307 2288 527 2330; x_wconf 91' lang='lat' dir='ltr'>peccatores</span> <span class='ocrx_word' id='word_1_309' title='bbox 546 2282 715 2317; x_wconf 92' lang='lat' dir='ltr'>occultos</span> <span class='ocrx_word' id='word_1_310' title='bbox 735 2293 815 2317; x_wconf 91' lang='lat' dir='ltr'>non</span> <span class='ocrx_word' id='word_1_311' title='bbox 832 2288 982 2330; x_wconf 90' lang='lat' dir='ltr'>oportet</span> <span class='ocrx_word' id='word_1_312' title='bbox 1000 2280 1245 2318; x_wconf 86' lang='lat' dir='ltr'>manifestari:</span> <span class='ocrx_word' id='word_1_313' title='bbox 1267 2282 1368 2331; x_wconf 84' lang='lat' dir='ltr'>quia,</span> 
     </span>
     <span class='ocr_line' id='line_1_50' title="bbox 307 2332 1369 2383; baseline 0.002 -13"><span class='ocrx_word' id='word_1_314' title='bbox 307 2332 340 2370; x_wconf 93' lang='lat' dir='ltr'>si</span> <span class='ocrx_word' id='word_1_315' title='bbox 357 2333 523 2370; x_wconf 75' lang='lat' dir='ltr'>fiontem</span> <span class='ocrx_word' id='word_1_316' title='bbox 546 2333 801 2370; x_wconf 90' lang='lat' dir='ltr'>verecundiae</span> <span class='ocrx_word' id='word_1_317' title='bbox 829 2333 1044 2380; x_wconf 88' lang='lat' dir='ltr'>abiecerint,</span> <span class='ocrx_word' id='word_1_318' title='bbox 1065 2333 1218 2370; x_wconf 89' lang='lat' dir='ltr'>liberius</span> <span class='ocrx_word' id='word_1_319' title='bbox 1237 2346 1369 2383; x_wconf 90' lang='lat' dir='ltr'>pecca-</span> 
     </span>
     <span class='ocr_line' id='line_1_51' title="bbox 307 2385 1369 2434; baseline 0.003 -12"><span class='ocrx_word' id='word_1_320' title='bbox 307 2385 416 2433; x_wconf 88' lang='lat' dir='ltr'>bunt,</span> <span class='ocrx_word' id='word_1_321' title='bbox 446 2394 488 2423; x_wconf 90' lang='lat' dir='ltr'>ut</span> <span class='ocrx_word' id='word_1_322' title='bbox 506 2386 742 2434; x_wconf 87' lang='lat' dir='ltr'>Augustinus</span> <span class='ocrx_word' id='word_1_323' title='bbox 771 2386 870 2433; x_wconf 89' lang='lat' dir='ltr'>dicit,</span> <span class='ocrx_word' id='word_1_324' title='bbox 890 2386 929 2423; x_wconf 94' lang='lat' dir='ltr'>in</span> <span class='ocrx_word' id='word_1_325' title='bbox 956 2386 1053 2424; x_wconf 91' lang='lat' dir='ltr'>libro</span> <span class='ocrx_word' id='word_1_326' title='bbox 1077 2387 1123 2423; x_wconf 87' lang='lat' dir='ltr'>de</span> <span class='ocrx_word' id='word_1_327' title='bbox 1149 2388 1274 2424; x_wconf 85' lang='lat' dir='ltr'>Verbis</span> <span class='ocrx_word' id='word_1_328' title='bbox 1292 2390 1369 2425; x_wconf 91' lang='lat' dir='ltr'>Do-</span> 
     </span>
    </p>
   </div>
   <div class='ocr_carea' id='block_1_17' title="bbox 276 2429 1370 2490">
    <p class='ocr_par' dir='ltr' id='par_1_18' title="bbox 276 2429 1370 2490">
     <span class='ocr_line' id='line_1_52' title="bbox 276 2429 1370 2490; baseline 0.003 -15"><span class='ocrx_word' id='word_1_329' title='bbox 276 2465 283 2476; x_wconf 83' lang='lat'><em>,</em></span> <span class='ocrx_word' id='word_1_330' title='bbox 309 2440 404 2475; x_wconf 91' lang='lat' dir='ltr'>mini</span> <span class='ocrx_word' id='word_1_331' title='bbox 419 2438 450 2475; x_wconf 85' lang='lat'>*.</span> <span class='ocrx_word' id='word_1_332' title='bbox 478 2429 580 2487; x_wconf 69' lang='lat' dir='ltr'>Ergo</span> <span class='ocrx_word' id='word_1_333' title='bbox 599 2438 863 2488; x_wconf 89' lang='lat' dir='ltr'>peccatoribus</span> <span class='ocrx_word' id='word_1_334' title='bbox 882 2439 1038 2476; x_wconf 88' lang='lat' dir='ltr'>occultis</span> <span class='ocrx_word' id='word_1_335' title='bbox 1057 2451 1137 2477; x_wconf 93' lang='lat' dir='ltr'>non</span> <span class='ocrx_word' id='word_1_336' title='bbox 1157 2447 1211 2476; x_wconf 90' lang='lat' dir='ltr'>est</span> <span class='ocrx_word' id='word_1_337' title='bbox 1230 2452 1370 2490; x_wconf 85' lang='lat' dir='ltr'>corpus</span> 
     </span>
    </p>
   </div>
   <div class='ocr_carea' id='block_1_18' title="bbox 307 2491 1371 3282">
    <p class='ocr_par' dir='ltr' id='par_1_19' title="bbox 311 2491 1036 2542">
     <span class='ocr_line' id='line_1_53' title="bbox 311 2491 1036 2542; baseline 0.001 -14"><span class='ocrx_word' id='word_1_338' title='bbox 311 2491 459 2529; x_wconf 85' lang='lat' dir='ltr'>Christi.</span> <span class='ocrx_word' id='word_1_339' title='bbox 479 2491 665 2539; x_wconf 88' lang='lat' dir='ltr'>dandum,</span> <span class='ocrx_word' id='word_1_340' title='bbox 695 2492 809 2529; x_wconf 90' lang='lat' dir='ltr'>etiarn</span> <span class='ocrx_word' id='word_1_341' title='bbox 837 2492 867 2529; x_wconf 91' lang='lat' dir='ltr'>si</span> <span class='ocrx_word' id='word_1_342' title='bbox 894 2499 1036 2542; x_wconf 91' lang='lat' dir='ltr'>petant.</span> 
     </span>
    </p>

    <p class='ocr_par' dir='ltr' id='par_1_20' title="bbox 308 2544 1369 2794">
     <span class='ocr_line' id='line_1_54' title="bbox 364 2544 1367 2595; baseline 0.001 -14"><span class='ocrx_word' id='word_1_343' title='bbox 364 2544 438 2582; x_wconf 81' lang='lat' dir='ltr'>SED</span> <span class='ocrx_word' id='word_1_344' title='bbox 471 2556 615 2582; x_wconf 80' lang='lat' dir='ltr'>CONTRA</span> <span class='ocrx_word' id='word_1_345' title='bbox 647 2557 712 2582; x_wconf 84' lang='lat' dir='ltr'>EST</span> <span class='ocrx_word' id='word_1_346' title='bbox 744 2545 868 2594; x_wconf 89' lang='lat' dir='ltr'>quod,</span> <span class='ocrx_word' id='word_1_347' title='bbox 899 2558 1014 2595; x_wconf 91' lang='lat' dir='ltr'>super</span> <span class='ocrx_word' id='word_1_348' title='bbox 1050 2544 1143 2582; x_wconf 92' lang='lat' dir='ltr'>illud</span> <span class='ocrx_word' id='word_1_349' title='bbox 1171 2546 1311 2583; x_wconf 87' lang='lat' dir='ltr'>Psalmi</span> <span class='ocrx_word' id='word_1_350' title='bbox 1330 2546 1367 2593; x_wconf 65' lang='lat'>³¹⁶,</span> 
     </span>
     <span class='ocr_line' id='line_1_55' title="bbox 308 2597 1368 2648; baseline 0.001 -14"><span class='ocrx_word' id='word_1_351' title='bbox 308 2597 636 2635; x_wconf 82' lang='lat' dir='ltr'>Manducaverunt</span> <span class='ocrx_word' id='word_1_352' title='bbox 655 2604 688 2634; x_wconf 91' lang='lat' dir='ltr'>et</span> <span class='ocrx_word' id='word_1_353' title='bbox 706 2598 957 2636; x_wconf 87' lang='lat' dir='ltr'>adoraverunt</span> <span class='ocrx_word' id='word_1_354' title='bbox 977 2610 1104 2635; x_wconf 89' lang='lat' dir='ltr'>omnes</span> <span class='ocrx_word' id='word_1_355' title='bbox 1124 2600 1283 2648; x_wconf 83' lang='lat' dir='ltr'>pingues</span> <span class='ocrx_word' id='word_1_356' title='bbox 1301 2605 1368 2636; x_wconf 91' lang='lat' dir='ltr'>ter-</span> 
     </span>
     <span class='ocr_line' id='line_1_56' title="bbox 310 2649 1368 2701; baseline 0.001 -14"><span class='ocrx_word' id='word_1_357' title='bbox 310 2662 388 2696; x_wconf 87' lang='lat' dir='ltr'>rae,</span> <span class='ocrx_word' id='word_1_358' title='bbox 408 2649 497 2687; x_wconf 88' lang='lat' dir='ltr'>dicit</span> <span class='ocrx_word' id='word_1_359' title='bbox 524 2650 760 2699; x_wconf 86' lang='lat' dir='ltr'>Augustinus</span> <span class='ocrx_word' id='word_1_360' title='bbox 778 2651 818 2688; x_wconf 73' lang='lat'>*2</span> <span class='ocrx_word' id='word_1_361' title='bbox 847 2652 937 2688; x_wconf 90' lang='lat' dir='ltr'>Non</span> <span class='ocrx_word' id='word_1_362' title='bbox 965 2653 1157 2700; x_wconf 86' lang='lat' dir='ltr'>prohibeat</span> <span class='ocrx_word' id='word_1_363' title='bbox 1184 2652 1368 2701; x_wconf 85' lang='lat' dir='ltr'>dispensa-</span> 
     </span>
     <span class='ocr_line' id='line_1_57' title="bbox 308 2703 1369 2753; baseline 0.001 -13"><span class='ocrx_word' id='word_1_364' title='bbox 308 2708 368 2740; x_wconf 85' lang='lat' dir='ltr'>tor</span> <span class='ocrx_word' id='word_1_365' title='bbox 389 2705 551 2753; x_wconf 80' lang='lat' dir='ltr'>pingues</span> <span class='ocrx_word' id='word_1_366' title='bbox 578 2709 710 2751; x_wconf 86' lang='lat' dir='ltr'>terrae,</span> <span class='ocrx_word' id='word_1_367' title='bbox 731 2703 827 2741; x_wconf 88' lang='lat' dir='ltr'>idest</span> <span class='ocrx_word' id='word_1_368' title='bbox 852 2712 1082 2753; x_wconf 85' lang='lat' dir='ltr'>peccatores,</span> <span class='ocrx_word' id='word_1_369' title='bbox 1102 2716 1269 2742; x_wconf 89' lang='lat' dir='ltr'>mensam</span> <span class='ocrx_word' id='word_1_370' title='bbox 1293 2706 1369 2741; x_wconf 91' lang='lat' dir='ltr'>Do-</span> 
     </span>
     <span class='ocr_line' id='line_1_58' title="bbox 309 2756 669 2794; baseline 0.003 -2"><span class='ocrx_word' id='word_1_371' title='bbox 309 2757 403 2793; x_wconf 88' lang='lat' dir='ltr'>mini</span> <span class='ocrx_word' id='word_1_372' title='bbox 429 2756 669 2794; x_wconf 90' lang='lat' dir='ltr'>manducare.</span> 
     </span>
    </p>

    <p class='ocr_par' dir='ltr' id='par_1_21' title="bbox 307 2809 1371 3282">
     <span class='ocr_line' id='line_1_59' title="bbox 362 2809 1368 2860; baseline 0.001 -14"><span class='ocrx_word' id='word_1_373' title='bbox 362 2810 586 2846; x_wconf 67' lang='lat' dir='ltr'>Rssspmmsso</span> <span class='ocrx_word' id='word_1_374' title='bbox 602 2821 783 2847; x_wconf 67' lang='lat' dir='ltr'>monimum</span> <span class='ocrx_word' id='word_1_375' title='bbox 802 2809 910 2859; x_wconf 91' lang='lat' dir='ltr'>quod</span> <span class='ocrx_word' id='word_1_376' title='bbox 933 2809 1032 2847; x_wconf 88' lang='lat' dir='ltr'>circa</span> <span class='ocrx_word' id='word_1_377' title='bbox 1049 2817 1268 2860; x_wconf 87' lang='lat' dir='ltr'>peccatores</span> <span class='ocrx_word' id='word_1_378' title='bbox 1296 2810 1368 2847; x_wconf 90' lang='lat' dir='ltr'>dis-</span> 
     </span>
     <span class='ocr_line' id='line_1_60' title="bbox 307 2861 1369 2912; baseline 0.001 -14"><span class='ocrx_word' id='word_1_379' title='bbox 307 2861 564 2910; x_wconf 89' lang='lat' dir='ltr'>tinguendum</span> <span class='ocrx_word' id='word_1_380' title='bbox 590 2869 656 2899; x_wconf 88' lang='lat' dir='ltr'>est.</span> <span class='ocrx_word' id='word_1_381' title='bbox 684 2862 856 2910; x_wconf 89' lang='lat' dir='ltr'>Quidam</span> <span class='ocrx_word' id='word_1_382' title='bbox 875 2862 978 2900; x_wconf 84' lang='lat' dir='ltr'>enim</span> <span class='ocrx_word' id='word_1_383' title='bbox 999 2870 1087 2900; x_wconf 91' lang='lat' dir='ltr'>sunt</span> <span class='ocrx_word' id='word_1_384' title='bbox 1106 2862 1260 2900; x_wconf 89' lang='lat' dir='ltr'>occulti:</span> <span class='ocrx_word' id='word_1_385' title='bbox 1286 2863 1369 2912; x_wconf 88' lang='lat' dir='ltr'>qui-</span> 
     </span>
     <span class='ocr_line' id='line_1_61' title="bbox 307 2914 1368 2965; baseline 0 -13"><span class='ocrx_word' id='word_1_386' title='bbox 307 2914 400 2952; x_wconf 89' lang='lat' dir='ltr'>dam</span> <span class='ocrx_word' id='word_1_387' title='bbox 418 2927 512 2952; x_wconf 88' lang='lat' dir='ltr'>vero</span> <span class='ocrx_word' id='word_1_388' title='bbox 540 2915 746 2962; x_wconf 87' lang='lat' dir='ltr'>manifesti;</span> <span class='ocrx_word' id='word_1_389' title='bbox 767 2915 906 2952; x_wconf 90' lang='lat' dir='ltr'>scilicet</span> <span class='ocrx_word' id='word_1_390' title='bbox 927 2927 997 2965; x_wconf 92' lang='lat' dir='ltr'>per</span> <span class='ocrx_word' id='word_1_391' title='bbox 1015 2915 1246 2953; x_wconf 87' lang='lat' dir='ltr'>evidentiam</span> <span class='ocrx_word' id='word_1_392' title='bbox 1273 2916 1368 2962; x_wconf 84' lang='lat' dir='ltr'>sacti,</span> 
     </span>
     <span class='ocr_line' id='line_1_62' title="bbox 308 2967 1370 3018; baseline 0.001 -14"><span class='ocrx_word' id='word_1_393' title='bbox 308 2967 404 3005; x_wconf 91' lang='lat' dir='ltr'>sicut</span> <span class='ocrx_word' id='word_1_394' title='bbox 435 2967 579 3017; x_wconf 91' lang='lat' dir='ltr'>publici</span> <span class='ocrx_word' id='word_1_395' title='bbox 613 2968 776 3006; x_wconf 89' lang='lat' dir='ltr'>usurarii</span> <span class='ocrx_word' id='word_1_396' title='bbox 810 2976 876 3006; x_wconf 92' lang='lat' dir='ltr'>aut</span> <span class='ocrx_word' id='word_1_397' title='bbox 909 2968 1052 3018; x_wconf 90' lang='lat' dir='ltr'>publici</span> <span class='ocrx_word' id='word_1_398' title='bbox 1086 2977 1273 3018; x_wconf 88' lang='lat' dir='ltr'>raptores;</span> <span class='ocrx_word' id='word_1_399' title='bbox 1308 2970 1370 3005; x_wconf 90' lang='lat' dir='ltr'>vel</span> 
     </span>
     <span class='ocr_line' id='line_1_63' title="bbox 308 3019 1370 3070; baseline 0 -12"><span class='ocrx_word' id='word_1_400' title='bbox 308 3019 423 3058; x_wconf 89' lang='lat' dir='ltr'>etiam</span> <span class='ocrx_word' id='word_1_401' title='bbox 459 3033 529 3070; x_wconf 91' lang='lat' dir='ltr'>per</span> <span class='ocrx_word' id='word_1_402' title='bbox 565 3020 721 3070; x_wconf 87' lang='lat' dir='ltr'>aliquod</span> <span class='ocrx_word' id='word_1_403' title='bbox 762 3020 948 3059; x_wconf 89' lang='lat' dir='ltr'>iudicium</span> <span class='ocrx_word' id='word_1_404' title='bbox 983 3021 1278 3059; x_wconf 87' lang='lat' dir='ltr'>ecclesiasticum</span> <span class='ocrx_word' id='word_1_405' title='bbox 1309 3023 1370 3058; x_wconf 87' lang='lat' dir='ltr'>vel</span> 
     </span>
     <span class='ocr_line' id='line_1_64' title="bbox 308 3074 1369 3124; baseline 0.001 -14"><span class='ocrx_word' id='word_1_406' title='bbox 308 3074 512 3111; x_wconf 88' lang='lat' dir='ltr'>saeculare.</span> <span class='ocrx_word' id='word_1_407' title='bbox 531 3121 533 3123; x_wconf 21' lang='grc' dir='ltr'>Ι</span> <span class='ocrx_word' id='word_1_408' title='bbox 549 3074 757 3111; x_wconf 90' lang='lat' dir='ltr'>Manifestis</span> <span class='ocrx_word' id='word_1_409' title='bbox 785 3086 874 3122; x_wconf 87' lang='lat' dir='ltr'>ergo</span> <span class='ocrx_word' id='word_1_410' title='bbox 902 3074 1165 3124; x_wconf 90' lang='lat' dir='ltr'>peccatoribus</span> <span class='ocrx_word' id='word_1_411' title='bbox 1198 3086 1278 3111; x_wconf 93' lang='lat' dir='ltr'>non</span> <span class='ocrx_word' id='word_1_412' title='bbox 1305 3074 1369 3111; x_wconf 91' lang='lat' dir='ltr'>de-</span> 
     </span>
     <span class='ocr_line' id='line_1_65' title="bbox 308 3125 1369 3176; baseline -0.001 -12"><span class='ocrx_word' id='word_1_413' title='bbox 308 3125 383 3174; x_wconf 85' lang='lat' dir='ltr'>bet,</span> <span class='ocrx_word' id='word_1_414' title='bbox 399 3126 514 3164; x_wconf 86' lang='lat' dir='ltr'>etiam</span> <span class='ocrx_word' id='word_1_415' title='bbox 532 3127 760 3176; x_wconf 88' lang='lat' dir='ltr'>petentibus,</span> <span class='ocrx_word' id='word_1_416' title='bbox 776 3139 882 3164; x_wconf 89' lang='lat' dir='ltr'>sacra</span> <span class='ocrx_word' id='word_1_417' title='bbox 900 3127 1126 3164; x_wconf 91' lang='lat' dir='ltr'>communio</span> <span class='ocrx_word' id='word_1_418' title='bbox 1146 3126 1237 3164; x_wconf 88' lang='lat' dir='ltr'>dari.</span> <span class='ocrx_word' id='word_1_419' title='bbox 1259 3127 1369 3164; x_wconf 91' lang='lat' dir='ltr'>Unde</span> 
     </span>
     <span class='ocr_line' id='line_1_66' title="bbox 310 3179 1371 3229; baseline -0.001 -12"><span class='ocrx_word' id='word_1_420' title='bbox 310 3179 527 3229; x_wconf 89' lang='lat' dir='ltr'>Cyprianus</span> <span class='ocrx_word' id='word_1_421' title='bbox 544 3179 565 3201; x_wconf 67' lang='lat'>&#39;¹‘</span> <span class='ocrx_word' id='word_1_422' title='bbox 593 3179 719 3217; x_wconf 89' lang='lat' dir='ltr'>scribit</span> <span class='ocrx_word' id='word_1_423' title='bbox 747 3180 795 3217; x_wconf 91' lang='lat' dir='ltr'>ad</span> <span class='ocrx_word' id='word_1_424' title='bbox 823 3180 1037 3229; x_wconf 91' lang='lat' dir='ltr'>quendam:</span> <span class='ocrx_word' id='word_1_425' title='bbox 1071 3181 1148 3217; x_wconf 88' lang='lat' dir='ltr'>Pro</span> <span class='ocrx_word' id='word_1_426' title='bbox 1180 3179 1371 3217; x_wconf 86' lang='lat' dir='ltr'>dilectione</span> 
     </span>
     <span class='ocr_line' id='line_1_67' title="bbox 308 3233 1370 3282; baseline -0.001 -13"><span class='ocrx_word' id='word_1_427' title='bbox 308 3237 371 3270; x_wconf 87' lang='lat' dir='ltr'>tua</span> <span class='ocrx_word' id='word_1_428' title='bbox 399 3233 664 3270; x_wconf 87' lang='lat' dir='ltr'>consulendum</span> <span class='ocrx_word' id='word_1_429' title='bbox 692 3245 752 3270; x_wconf 91' lang='lat' dir='ltr'>me</span> <span class='ocrx_word' id='word_1_430' title='bbox 779 3234 994 3270; x_wconf 88' lang='lat' dir='ltr'>existimasti</span> <span class='ocrx_word' id='word_1_431' title='bbox 1020 3233 1107 3282; x_wconf 88' lang='lat' dir='ltr'>quid</span> <span class='ocrx_word' id='word_1_432' title='bbox 1131 3233 1224 3269; x_wconf 88' lang='lat' dir='ltr'>mihi</span> <span class='ocrx_word' id='word_1_433' title='bbox 1249 3233 1370 3269; x_wconf 81' lang='lat' dir='ltr'>videa-</span> 
     </span>
    </p>
   </div>
   <div class='ocr_carea' id='block_1_19' title="bbox 308 3347 1371 3524">
    <p class='ocr_par' dir='ltr' id='par_1_22' title="bbox 363 3347 939 3381">
     <span class='ocr_line' id='line_1_68' title="bbox 363 3347 939 3381; baseline 0.002 -9"><span class='ocrx_word' id='word_1_434' title='bbox 363 3347 391 3380; x_wconf 87' lang='grc' dir='ltr'>α)</span> <span class='ocrx_word' id='word_1_435' title='bbox 411 3347 493 3381; x_wconf 64' lang='lat' dir='ltr'>neque</span> <span class='ocrx_word' id='word_1_436' title='bbox 506 3351 621 3380; x_wconf 79' lang='lat' dir='ltr'>propter</span> <span class='ocrx_word' id='word_1_437' title='bbox 639 3349 787 3374; x_wconf 79' lang='lat' dir='ltr'>vitandum.</span> <span class='ocrx_word' id='word_1_438' title='bbox 805 3362 824 3366; x_wconf 94' lang='lat'>-</span> <span class='ocrx_word' id='word_1_439' title='bbox 842 3349 883 3373; x_wconf 76' lang='lat' dir='ltr'>vel</span> <span class='ocrx_word' id='word_1_440' title='bbox 900 3348 939 3373; x_wconf 81' lang='grc' dir='ltr'>ΡΙ.</span> 
     </span>
    </p>

    <p class='ocr_par' dir='ltr' id='par_1_23' title="bbox 308 3381 1371 3485">
     <span class='ocr_line' id='line_1_69' title="bbox 363 3381 1371 3417; baseline -0.001 -9"><span class='ocrx_word' id='word_1_441' title='bbox 363 3381 389 3417; x_wconf 87' lang='grc' dir='ltr'>β)</span> <span class='ocrx_word' id='word_1_442' title='bbox 407 3383 440 3408; x_wconf 87' lang='lat' dir='ltr'>ab</span> <span class='ocrx_word' id='word_1_443' title='bbox 458 3383 553 3409; x_wconf 82' lang='lat' dir='ltr'>abbate</span> <span class='ocrx_word' id='word_1_444' title='bbox 570 3384 717 3409; x_wconf 80' lang='lat' dir='ltr'>celebretur</span> <span class='ocrx_word' id='word_1_445' title='bbox 735 3384 783 3409; x_wconf 81' lang='lat' dir='ltr'>vel.</span> <span class='ocrx_word' id='word_1_446' title='bbox 800 3398 819 3402; x_wconf 95' lang='lat'>—</span> <span class='ocrx_word' id='word_1_447' title='bbox 836 3383 873 3408; x_wconf 86' lang='lat' dir='ltr'>ad</span> <span class='ocrx_word' id='word_1_448' title='bbox 891 3383 978 3408; x_wconf 83' lang='lat' dir='ltr'>altare</span> <span class='ocrx_word' id='word_1_449' title='bbox 996 3383 1142 3408; x_wconf 82' lang='lat' dir='ltr'>ceIebretur</span> <span class='ocrx_word' id='word_1_450' title='bbox 1160 3382 1189 3407; x_wconf 86' lang='lat' dir='ltr'>E.</span> <span class='ocrx_word' id='word_1_451' title='bbox 1208 3397 1227 3401; x_wconf 85' lang='lat'><em>-</em></span> <span class='ocrx_word' id='word_1_452' title='bbox 1245 3382 1293 3407; x_wconf 82' lang='lat' dir='ltr'>tibi</span> <span class='ocrx_word' id='word_1_453' title='bbox 1310 3382 1371 3407; x_wconf 69' lang='lat' dir='ltr'>Era</span> 
     </span>
     <span class='ocr_line' id='line_1_70' title="bbox 310 3417 1370 3452; baseline -0.001 -9"><span class='ocrx_word' id='word_1_454' title='bbox 310 3424 335 3443; x_wconf 88' lang='lat' dir='ltr'>et</span> <span class='ocrx_word' id='word_1_455' title='bbox 352 3418 425 3443; x_wconf 81' lang='lat' dir='ltr'>tertia</span> <span class='ocrx_word' id='word_1_456' title='bbox 432 3427 440 3449; x_wconf 91' lang='lat'>;</span> <span class='ocrx_word' id='word_1_457' title='bbox 459 3418 503 3444; x_wconf 81' lang='lat' dir='ltr'>ibi.</span> <span class='ocrx_word' id='word_1_458' title='bbox 515 3419 586 3443; x_wconf 86' lang='lat' dir='ltr'>-Ad</span> <span class='ocrx_word' id='word_1_459' title='bbox 605 3419 632 3444; x_wconf 81' lang='lat' dir='ltr'>in</span> <span class='ocrx_word' id='word_1_460' title='bbox 651 3419 790 3452; x_wconf 67' lang='lat' dir='ltr'>singulis...</span> <span class='ocrx_word' id='word_1_461' title='bbox 809 3418 1009 3447; x_wconf 85' lang='lat' dir='ltr'>communicari,</span> <span class='ocrx_word' id='word_1_462' title='bbox 1023 3418 1098 3442; x_wconf 82' lang='lat' dir='ltr'>Alias</span> <span class='ocrx_word' id='word_1_463' title='bbox 1112 3425 1165 3450; x_wconf 78' lang='lat' dir='ltr'>pro</span> <span class='ocrx_word' id='word_1_464' title='bbox 1184 3417 1298 3450; x_wconf 81' lang='lat' dir='ltr'>singulis</span> <span class='ocrx_word' id='word_1_465' title='bbox 1310 3418 1370 3442; x_wconf 82' lang='lat' dir='ltr'>mis-</span> 
     </span>
     <span class='ocr_line' id='line_1_71' title="bbox 308 3453 1025 3485; baseline 0 -7"><span class='ocrx_word' id='word_1_466' title='bbox 308 3461 366 3479; x_wconf 81' lang='lat' dir='ltr'>sam</span> <span class='ocrx_word' id='word_1_467' title='bbox 385 3453 461 3479; x_wconf 82' lang='lat' dir='ltr'>debet</span> <span class='ocrx_word' id='word_1_468' title='bbox 478 3455 611 3480; x_wconf 85' lang='lat' dir='ltr'>celebrare</span> <span class='ocrx_word' id='word_1_469' title='bbox 629 3458 655 3479; x_wconf 91' lang='lat' dir='ltr'>et</span> <span class='ocrx_word' id='word_1_470' title='bbox 672 3454 868 3480; x_wconf 84' lang='lat' dir='ltr'>communicare</span> <span class='ocrx_word' id='word_1_471' title='bbox 887 3461 978 3485; x_wconf 81' lang='lat' dir='ltr'>margo</span> <span class='ocrx_word' id='word_1_472' title='bbox 997 3454 1025 3478; x_wconf 93' lang='grc' dir='ltr'>Ρ.</span> 
     </span>
    </p>

    <p class='ocr_par' dir='ltr' id='par_1_24' title="bbox 362 3488 734 3524">
     <span class='ocr_line' id='line_1_72' title="bbox 362 3488 734 3524; baseline 0 -10"><span class='ocrx_word' id='word_1_473' title='bbox 362 3488 390 3524; x_wconf 86' lang='grc' dir='ltr'>γ)</span> <span class='ocrx_word' id='word_1_474' title='bbox 408 3489 455 3515; x_wconf 84' lang='lat' dir='ltr'>eis.</span> <span class='ocrx_word' id='word_1_475' title='bbox 473 3504 492 3508; x_wconf 96' lang='lat'>—</span> <span class='ocrx_word' id='word_1_476' title='bbox 509 3490 535 3514; x_wconf 81' lang='lat' dir='ltr'>ei</span> <span class='ocrx_word' id='word_1_477' title='bbox 552 3489 591 3514; x_wconf 77' lang='lat' dir='ltr'>Fa</span> <span class='ocrx_word' id='word_1_478' title='bbox 609 3494 635 3514; x_wconf 88' lang='lat' dir='ltr'>et</span> <span class='ocrx_word' id='word_1_479' title='bbox 653 3489 734 3515; x_wconf 78' lang='lat' dir='ltr'>tertia.</span> 
     </span>
    </p>
   </div>
   <div class='ocr_carea' id='block_1_20' title="bbox 1420 541 2487 2701">
    <p class='ocr_par' dir='ltr' id='par_1_25' title="bbox 1420 541 2481 856">
     <span class='ocr_line' id='line_1_73' title="bbox 1420 541 2478 596; baseline 0.009 -20"><span class='ocrx_word' id='word_1_480' title='bbox 1420 546 1481 577; x_wconf 88' lang='lat' dir='ltr'>tur</span> <span class='ocrx_word' id='word_1_481' title='bbox 1515 541 1559 577; x_wconf 89' lang='lat' dir='ltr'>de</span> <span class='ocrx_word' id='word_1_482' title='bbox 1593 542 1845 588; x_wconf 85' lang='lat' dir='ltr'>histrionibus,</span> <span class='ocrx_word' id='word_1_483' title='bbox 1876 549 1908 579; x_wconf 92' lang='lat' dir='ltr'>et</span> <span class='ocrx_word' id='word_1_484' title='bbox 1935 555 2049 592; x_wconf 81' lang='lat' dir='ltr'>mago</span> <span class='ocrx_word' id='word_1_485' title='bbox 2085 545 2146 581; x_wconf 91' lang='lat' dir='ltr'>illo</span> <span class='ocrx_word' id='word_1_486' title='bbox 2175 548 2255 594; x_wconf 87' lang='lat' dir='ltr'>qui,</span> <span class='ocrx_word' id='word_1_487' title='bbox 2283 549 2382 596; x_wconf 85' lang='lat' dir='ltr'>apud</span> <span class='ocrx_word' id='word_1_488' title='bbox 2414 562 2478 586; x_wconf 81' lang='lat' dir='ltr'>vos</span> 
     </span>
     <span class='ocr_line' id='line_1_74' title="bbox 1421 594 2476 647; baseline 0.009 -18"><span class='ocrx_word' id='word_1_489' title='bbox 1421 595 1643 640; x_wconf 87' lang='lat' dir='ltr'>constitutus,</span> <span class='ocrx_word' id='word_1_490' title='bbox 1657 594 1778 631; x_wconf 90' lang='lat' dir='ltr'>adhuc</span> <span class='ocrx_word' id='word_1_491' title='bbox 1797 596 1834 631; x_wconf 88' lang='lat' dir='ltr'>in</span> <span class='ocrx_word' id='word_1_492' title='bbox 1856 597 1945 632; x_wconf 90' lang='lat' dir='ltr'>artis</span> <span class='ocrx_word' id='word_1_493' title='bbox 1963 608 2052 632; x_wconf 89' lang='lat' dir='ltr'>suae</span> <span class='ocrx_word' id='word_1_494' title='bbox 2068 597 2243 634; x_wconf 87' lang='lat' dir='ltr'>dedecore</span> <span class='ocrx_word' id='word_1_495' title='bbox 2256 608 2476 647; x_wconf 81' lang='lat' dir='ltr'>perseverat,</span> 
     </span>
     <span class='ocr_line' id='line_1_75' title="bbox 1422 646 2479 690; baseline 0.007 -8"><span class='ocrx_word' id='word_1_496' title='bbox 1422 658 1470 682; x_wconf 90' lang='lat' dir='ltr'>an</span> <span class='ocrx_word' id='word_1_497' title='bbox 1491 646 1621 684; x_wconf 89' lang='lat' dir='ltr'>talibus</span> <span class='ocrx_word' id='word_1_498' title='bbox 1639 659 1748 684; x_wconf 91' lang='lat' dir='ltr'>sacra</span> <span class='ocrx_word' id='word_1_499' title='bbox 1768 650 1981 684; x_wconf 89' lang='lat' dir='ltr'>communio</span> <span class='ocrx_word' id='word_1_500' title='bbox 2009 661 2092 685; x_wconf 89' lang='lat' dir='ltr'>cum</span> <span class='ocrx_word' id='word_1_501' title='bbox 2113 652 2238 686; x_wconf 86' lang='lat' dir='ltr'>ceteris</span> <span class='ocrx_word' id='word_1_502' title='bbox 2268 652 2479 690; x_wconf 85' lang='lat' dir='ltr'>Christianis</span> 
     </span>
     <span class='ocr_line' id='line_1_76' title="bbox 1423 697 2479 748; baseline 0.008 -14"><span class='ocrx_word' id='word_1_503' title='bbox 1423 697 1550 735; x_wconf 89' lang='lat' dir='ltr'>debeat</span> <span class='ocrx_word' id='word_1_504' title='bbox 1568 699 1661 736; x_wconf 87' lang='lat' dir='ltr'>dari.</span> <span class='ocrx_word' id='word_1_505' title='bbox 1691 701 1785 736; x_wconf 87' lang='lat' dir='ltr'>Puto</span> <span class='ocrx_word' id='word_1_506' title='bbox 1814 712 1883 736; x_wconf 90' lang='lat' dir='ltr'>nec</span> <span class='ocrx_word' id='word_1_507' title='bbox 1901 702 2082 737; x_wconf 84' lang='lat' dir='ltr'>maiestati</span> <span class='ocrx_word' id='word_1_508' title='bbox 2100 702 2257 748; x_wconf 80' lang='lat' dir='ltr'>divinae,</span> <span class='ocrx_word' id='word_1_509' title='bbox 2278 716 2344 740; x_wconf 92' lang='lat' dir='ltr'>nec</span> <span class='ocrx_word' id='word_1_510' title='bbox 2371 717 2479 742; x_wconf 82' lang='lat' dir='ltr'>evan-</span> 
     </span>
     <span class='ocr_line' id='line_1_77' title="bbox 1421 751 2481 803; baseline 0.007 -16"><span class='ocrx_word' id='word_1_511' title='bbox 1421 751 1566 800; x_wconf 80' lang='lat' dir='ltr'>gelicae</span> <span class='ocrx_word' id='word_1_512' title='bbox 1601 751 1815 801; x_wconf 80' lang='lat' dir='ltr'>disciplinae</span> <span class='ocrx_word' id='word_1_513' title='bbox 1852 765 2062 802; x_wconf 84' lang='lat' dir='ltr'>congruere</span> <span class='ocrx_word' id='word_1_514' title='bbox 2089 760 2126 790; x_wconf 90' lang='lat' dir='ltr'>ut</span> <span class='ocrx_word' id='word_1_515' title='bbox 2148 755 2272 803; x_wconf 84' lang='lat' dir='ltr'>pudor</span> <span class='ocrx_word' id='word_1_516' title='bbox 2304 762 2335 792; x_wconf 87' lang='lat' dir='ltr'>et</span> <span class='ocrx_word' id='word_1_517' title='bbox 2362 758 2481 794; x_wconf 90' lang='lat' dir='ltr'>honor</span> 
     </span>
     <span class='ocr_line' id='line_1_78' title="bbox 1423 804 2479 856; baseline 0.007 -17"><span class='ocrx_word' id='word_1_518' title='bbox 1423 804 1610 840; x_wconf 86' lang='lat' dir='ltr'>Ecclesiae</span> <span class='ocrx_word' id='word_1_519' title='bbox 1637 810 1712 841; x_wconf 94' lang='lat' dir='ltr'>tam</span> <span class='ocrx_word' id='word_1_520' title='bbox 1733 806 1834 854; x_wconf 83' lang='lat' dir='ltr'>turpi</span> <span class='ocrx_word' id='word_1_521' title='bbox 1852 811 1884 841; x_wconf 90' lang='lat' dir='ltr'>et</span> <span class='ocrx_word' id='word_1_522' title='bbox 1903 806 2037 853; x_wconf 86' lang='lat' dir='ltr'>infami</span> <span class='ocrx_word' id='word_1_523' title='bbox 2058 808 2279 856; x_wconf 80' lang='lat' dir='ltr'>contagione</span> <span class='ocrx_word' id='word_1_524' title='bbox 2295 810 2479 856; x_wconf 81' lang='lat' dir='ltr'>foedetur.</span> 
     </span>
    </p>

    <p class='ocr_par' dir='ltr' id='par_1_26' title="bbox 1423 856 2487 1476">
     <span class='ocr_line' id='line_1_79' title="bbox 1478 856 2481 907; baseline 0.004 -13"><span class='ocrx_word' id='word_1_525' title='bbox 1478 856 1518 894; x_wconf 91' lang='lat' dir='ltr'>Si</span> <span class='ocrx_word' id='word_1_526' title='bbox 1537 869 1630 893; x_wconf 86' lang='lat' dir='ltr'>vero</span> <span class='ocrx_word' id='word_1_527' title='bbox 1659 869 1739 894; x_wconf 94' lang='lat' dir='ltr'>non</span> <span class='ocrx_word' id='word_1_528' title='bbox 1769 865 1857 894; x_wconf 90' lang='lat' dir='ltr'>sunt</span> <span class='ocrx_word' id='word_1_529' title='bbox 1876 857 2063 894; x_wconf 89' lang='lat' dir='ltr'>manifesti</span> <span class='ocrx_word' id='word_1_530' title='bbox 2082 867 2298 907; x_wconf 88' lang='lat' dir='ltr'>peccatores</span> <span class='ocrx_word' id='word_1_531' title='bbox 2326 861 2391 897; x_wconf 90' lang='lat' dir='ltr'>sed</span> <span class='ocrx_word' id='word_1_532' title='bbox 2420 874 2481 898; x_wconf 88' lang='lat' dir='ltr'>oc-</span> 
     </span>
     <span class='ocr_line' id='line_1_80' title="bbox 1424 909 2481 959; baseline 0.005 -14"><span class='ocrx_word' id='word_1_533' title='bbox 1424 909 1525 956; x_wconf 87' lang='lat' dir='ltr'>culti,</span> <span class='ocrx_word' id='word_1_534' title='bbox 1546 921 1627 946; x_wconf 93' lang='lat' dir='ltr'>non</span> <span class='ocrx_word' id='word_1_535' title='bbox 1655 917 1779 958; x_wconf 90' lang='lat' dir='ltr'>potest</span> <span class='ocrx_word' id='word_1_536' title='bbox 1808 910 1861 946; x_wconf 90' lang='lat' dir='ltr'>eis</span> <span class='ocrx_word' id='word_1_537' title='bbox 1882 910 2098 959; x_wconf 89' lang='lat' dir='ltr'>petentibus</span> <span class='ocrx_word' id='word_1_538' title='bbox 2126 924 2231 948; x_wconf 90' lang='lat' dir='ltr'>sacra</span> <span class='ocrx_word' id='word_1_539' title='bbox 2258 915 2481 950; x_wconf 89' lang='lat' dir='ltr'>communio</span> 
     </span>
     <span class='ocr_line' id='line_1_81' title="bbox 1424 962 2483 1012; baseline 0.005 -14"><span class='ocrx_word' id='word_1_540' title='bbox 1424 962 1613 1010; x_wconf 87' lang='lat' dir='ltr'>denegari.</span> <span class='ocrx_word' id='word_1_541' title='bbox 1645 963 1747 1000; x_wconf 90' lang='lat' dir='ltr'>Cum</span> <span class='ocrx_word' id='word_1_542' title='bbox 1767 963 1871 999; x_wconf 91' lang='lat' dir='ltr'>enim</span> <span class='ocrx_word' id='word_1_543' title='bbox 1892 963 2049 1012; x_wconf 92' lang='lat' dir='ltr'>quilibet</span> <span class='ocrx_word' id='word_1_544' title='bbox 2069 964 2315 1012; x_wconf 84' lang='lat' dir='ltr'>Christianus,</span> <span class='ocrx_word' id='word_1_545' title='bbox 2336 978 2382 1002; x_wconf 87' lang='lat' dir='ltr'>ex</span> <span class='ocrx_word' id='word_1_546' title='bbox 2409 967 2483 1003; x_wconf 93' lang='lat' dir='ltr'>hoc</span> 
     </span>
     <span class='ocr_line' id='line_1_82' title="bbox 1424 1014 2482 1065; baseline 0.005 -14"><span class='ocrx_word' id='word_1_547' title='bbox 1424 1014 1508 1064; x_wconf 91' lang='lat' dir='ltr'>ipso</span> <span class='ocrx_word' id='word_1_548' title='bbox 1537 1015 1643 1064; x_wconf 92' lang='lat' dir='ltr'>quod</span> <span class='ocrx_word' id='word_1_549' title='bbox 1673 1023 1728 1052; x_wconf 89' lang='lat' dir='ltr'>est</span> <span class='ocrx_word' id='word_1_550' title='bbox 1755 1015 1981 1065; x_wconf 89' lang='lat' dir='ltr'>baptizatus,</span> <span class='ocrx_word' id='word_1_551' title='bbox 2012 1016 2057 1052; x_wconf 92' lang='lat' dir='ltr'>sit</span> <span class='ocrx_word' id='word_1_552' title='bbox 2084 1017 2273 1053; x_wconf 88' lang='lat' dir='ltr'>admissus</span> <span class='ocrx_word' id='word_1_553' title='bbox 2301 1019 2348 1054; x_wconf 90' lang='lat' dir='ltr'>ad</span> <span class='ocrx_word' id='word_1_554' title='bbox 2378 1031 2482 1056; x_wconf 89' lang='lat' dir='ltr'>men-</span> 
     </span>
     <span class='ocr_line' id='line_1_83' title="bbox 1424 1068 2482 1118; baseline 0.004 -14"><span class='ocrx_word' id='word_1_555' title='bbox 1424 1080 1507 1105; x_wconf 91' lang='lat' dir='ltr'>sam</span> <span class='ocrx_word' id='word_1_556' title='bbox 1536 1068 1794 1115; x_wconf 90' lang='lat' dir='ltr'>Dominicam,</span> <span class='ocrx_word' id='word_1_557' title='bbox 1817 1081 1896 1105; x_wconf 92' lang='lat' dir='ltr'>non</span> <span class='ocrx_word' id='word_1_558' title='bbox 1915 1077 2039 1118; x_wconf 88' lang='lat' dir='ltr'>potest</span> <span class='ocrx_word' id='word_1_559' title='bbox 2067 1069 2120 1106; x_wconf 91' lang='lat' dir='ltr'>eis</span> <span class='ocrx_word' id='word_1_560' title='bbox 2139 1075 2154 1097; x_wconf 74' lang='grc' dir='ltr'><strong>Υ</strong></span> <span class='ocrx_word' id='word_1_561' title='bbox 2182 1069 2241 1106; x_wconf 91' lang='lat' dir='ltr'>ius</span> <span class='ocrx_word' id='word_1_562' title='bbox 2269 1083 2383 1107; x_wconf 89' lang='lat' dir='ltr'>suum</span> <span class='ocrx_word' id='word_1_563' title='bbox 2406 1072 2482 1108; x_wconf 87' lang='lat' dir='ltr'>tolli</span> 
     </span>
     <span class='ocr_line' id='line_1_84' title="bbox 1423 1120 2483 1173; baseline 0.005 -16"><span class='ocrx_word' id='word_1_564' title='bbox 1423 1120 1496 1158; x_wconf 89' lang='lat' dir='ltr'>nisi</span> <span class='ocrx_word' id='word_1_565' title='bbox 1523 1133 1594 1170; x_wconf 89' lang='lat' dir='ltr'>pro</span> <span class='ocrx_word' id='word_1_566' title='bbox 1623 1121 1750 1171; x_wconf 90' lang='lat' dir='ltr'>aliqua</span> <span class='ocrx_word' id='word_1_567' title='bbox 1777 1133 1894 1158; x_wconf 91' lang='lat' dir='ltr'>causa</span> <span class='ocrx_word' id='word_1_568' title='bbox 1921 1122 2131 1159; x_wconf 88' lang='lat' dir='ltr'>manifesta.</span> <span class='ocrx_word' id='word_1_569' title='bbox 2165 1123 2274 1160; x_wconf 91' lang='lat' dir='ltr'>Unde</span> <span class='ocrx_word' id='word_1_570' title='bbox 2303 1136 2418 1173; x_wconf 93' lang='lat' dir='ltr'>super</span> <span class='ocrx_word' id='word_1_571' title='bbox 2444 1125 2483 1162; x_wconf 93' lang='lat' dir='ltr'>il-</span> 
     </span>
     <span class='ocr_line' id='line_1_85' title="bbox 1423 1174 2483 1224; baseline 0.004 -14"><span class='ocrx_word' id='word_1_572' title='bbox 1423 1174 1492 1210; x_wconf 92' lang='lat' dir='ltr'>lud</span> <span class='ocrx_word' id='word_1_573' title='bbox 1518 1175 1533 1210; x_wconf 93' lang='grc' dir='ltr'><strong>Ι</strong></span> <span class='ocrx_word' id='word_1_574' title='bbox 1566 1175 1651 1211; x_wconf 91' lang='lat' dir='ltr'>Cor.</span> <span class='ocrx_word' id='word_1_575' title='bbox 1671 1187 1695 1211; x_wconf 90' lang='lat' dir='ltr'>v</span> <span class='ocrx_word' id='word_1_576' title='bbox 1714 1174 1748 1221; x_wconf 63' lang='lat'>³⁸,</span> <span class='ocrx_word' id='word_1_577' title='bbox 1778 1176 1819 1212; x_wconf 87' lang='lat' dir='ltr'>Si</span> <span class='ocrx_word' id='word_1_578' title='bbox 1845 1176 1875 1212; x_wconf 87' lang='lat' dir='ltr'>is</span> <span class='ocrx_word' id='word_1_579' title='bbox 1903 1177 1967 1224; x_wconf 89' lang='lat' dir='ltr'>qui</span> <span class='ocrx_word' id='word_1_580' title='bbox 1982 1176 2111 1223; x_wconf 86' lang='lat' dir='ltr'>frater</span> <span class='ocrx_word' id='word_1_581' title='bbox 2147 1177 2241 1212; x_wconf 87' lang='lat' dir='ltr'>inter</span> <span class='ocrx_word' id='word_1_582' title='bbox 2276 1188 2340 1213; x_wconf 81' lang='lat' dir='ltr'>vos</span> <span class='ocrx_word' id='word_1_583' title='bbox 2368 1179 2483 1214; x_wconf 90' lang='lat' dir='ltr'>nomi-</span> 
     </span>
     <span class='ocr_line' id='line_1_86' title="bbox 1424 1226 2483 1275; baseline 0.003 -12"><span class='ocrx_word' id='word_1_584' title='bbox 1424 1233 1536 1264; x_wconf 85' lang='lat' dir='ltr'>natur</span> <span class='ocrx_word' id='word_1_585' title='bbox 1563 1235 1644 1274; x_wconf 65' lang='lat' dir='ltr'>etc„</span> <span class='ocrx_word' id='word_1_586' title='bbox 1664 1226 1754 1264; x_wconf 89' lang='lat' dir='ltr'>dicit</span> <span class='ocrx_word' id='word_1_587' title='bbox 1779 1227 1918 1264; x_wconf 91' lang='lat' dir='ltr'>Glossa</span> <span class='ocrx_word' id='word_1_588' title='bbox 1937 1227 2139 1275; x_wconf 85' lang='lat' dir='ltr'>Augustini</span> <span class='ocrx_word' id='word_1_589' title='bbox 2158 1227 2197 1264; x_wconf 74' lang='grc' dir='ltr'>*ε</span> <span class='ocrx_word' id='word_1_590' title='bbox 2226 1229 2309 1265; x_wconf 93' lang='lat' dir='ltr'>Nos</span> <span class='ocrx_word' id='word_1_591' title='bbox 2336 1242 2359 1265; x_wconf 90' lang='lat' dir='ltr'>a</span> <span class='ocrx_word' id='word_1_592' title='bbox 2387 1242 2483 1266; x_wconf 90' lang='lat' dir='ltr'>com-</span> 
     </span>
     <span class='ocr_line' id='line_1_87' title="bbox 1424 1281 2487 1330; baseline 0.003 -14"><span class='ocrx_word' id='word_1_593' title='bbox 1424 1281 1601 1317; x_wconf 88' lang='lat' dir='ltr'>munione</span> <span class='ocrx_word' id='word_1_594' title='bbox 1628 1292 1849 1329; x_wconf 82' lang='lat' dir='ltr'>quemquam</span> <span class='ocrx_word' id='word_1_595' title='bbox 1865 1281 2066 1330; x_wconf 83' lang='lat' dir='ltr'>prohibere</span> <span class='ocrx_word' id='word_1_596' title='bbox 2094 1293 2168 1318; x_wconf 88' lang='lat' dir='ltr'>non</span> <span class='ocrx_word' id='word_1_597' title='bbox 2190 1293 2396 1330; x_wconf 85' lang='lat' dir='ltr'>possumus,</span> <span class='ocrx_word' id='word_1_598' title='bbox 2417 1285 2487 1319; x_wconf 88' lang='lat' dir='ltr'>nisi</span> 
     </span>
     <span class='ocr_line' id='line_1_88' title="bbox 1424 1334 2486 1382; baseline 0.003 -13"><span class='ocrx_word' id='word_1_599' title='bbox 1424 1338 1488 1369; x_wconf 90' lang='lat' dir='ltr'>aut</span> <span class='ocrx_word' id='word_1_600' title='bbox 1519 1338 1648 1382; x_wconf 84' lang='lat' dir='ltr'>sponte</span> <span class='ocrx_word' id='word_1_601' title='bbox 1681 1334 1913 1381; x_wconf 80' lang='lat' dir='ltr'>consessum,</span> <span class='ocrx_word' id='word_1_602' title='bbox 1943 1339 2006 1370; x_wconf 91' lang='lat' dir='ltr'>aut</span> <span class='ocrx_word' id='word_1_603' title='bbox 2040 1335 2076 1370; x_wconf 90' lang='lat' dir='ltr'>in</span> <span class='ocrx_word' id='word_1_604' title='bbox 2113 1334 2236 1382; x_wconf 87' lang='lat' dir='ltr'>aliquo</span> <span class='ocrx_word' id='word_1_605' title='bbox 2270 1335 2402 1371; x_wconf 88' lang='lat' dir='ltr'>iudicio</span> <span class='ocrx_word' id='word_1_606' title='bbox 2429 1337 2486 1373; x_wconf 83' lang='lat' dir='ltr'>vel</span> 
     </span>
     <span class='ocr_line' id='line_1_89' title="bbox 1425 1385 2484 1436; baseline 0.002 -14"><span class='ocrx_word' id='word_1_607' title='bbox 1425 1385 1664 1422; x_wconf 88' lang='lat' dir='ltr'>ecclesiastico</span> <span class='ocrx_word' id='word_1_608' title='bbox 1692 1386 1751 1423; x_wconf 85' lang='lat' dir='ltr'>vel</span> <span class='ocrx_word' id='word_1_609' title='bbox 1776 1386 1964 1423; x_wconf 89' lang='lat' dir='ltr'>saeculari</span> <span class='ocrx_word' id='word_1_610' title='bbox 1999 1388 2228 1423; x_wconf 85' lang='lat' dir='ltr'>nominatum</span> <span class='ocrx_word' id='word_1_611' title='bbox 2262 1393 2368 1436; x_wconf 85' lang='lat' dir='ltr'>atque</span> <span class='ocrx_word' id='word_1_612' title='bbox 2399 1400 2484 1425; x_wconf 88' lang='lat' dir='ltr'>con-</span> 
     </span>
     <span class='ocr_line' id='line_1_90' title="bbox 1424 1440 1570 1476; baseline 0 -1"><span class='ocrx_word' id='word_1_613' title='bbox 1424 1440 1570 1476; x_wconf 81' lang='lat' dir='ltr'>victum.</span> 
     </span>
    </p>

    <p class='ocr_par' dir='ltr' id='par_1_27' title="bbox 1424 1491 2487 2069">
     <span class='ocr_line' id='line_1_91' title="bbox 1477 1491 2485 1540; baseline 0.003 -13"><span class='ocrx_word' id='word_1_614' title='bbox 1477 1492 1607 1528; x_wconf 90' lang='lat' dir='ltr'>Potest</span> <span class='ocrx_word' id='word_1_615' title='bbox 1634 1498 1763 1528; x_wconf 89' lang='lat' dir='ltr'>tamen</span> <span class='ocrx_word' id='word_1_616' title='bbox 1793 1492 1970 1529; x_wconf 88' lang='lat' dir='ltr'>sacerdos</span> <span class='ocrx_word' id='word_1_617' title='bbox 1989 1491 2057 1540; x_wconf 93' lang='lat' dir='ltr'>qui</span> <span class='ocrx_word' id='word_1_618' title='bbox 2085 1500 2140 1529; x_wconf 89' lang='lat' dir='ltr'>est</span> <span class='ocrx_word' id='word_1_619' title='bbox 2167 1493 2342 1529; x_wconf 92' lang='lat' dir='ltr'>conscius</span> <span class='ocrx_word' id='word_1_620' title='bbox 2362 1493 2485 1530; x_wconf 86' lang='lat' dir='ltr'>crimi-</span> 
     </span>
     <span class='ocr_line' id='line_1_92' title="bbox 1425 1542 2485 1593; baseline 0.003 -13"><span class='ocrx_word' id='word_1_621' title='bbox 1425 1542 1494 1589; x_wconf 88' lang='lat' dir='ltr'>nis,</span> <span class='ocrx_word' id='word_1_622' title='bbox 1525 1545 1671 1581; x_wconf 92' lang='lat' dir='ltr'>occulte</span> <span class='ocrx_word' id='word_1_623' title='bbox 1704 1555 1864 1581; x_wconf 90' lang='lat' dir='ltr'>monere</span> <span class='ocrx_word' id='word_1_624' title='bbox 1900 1552 2141 1593; x_wconf 88' lang='lat' dir='ltr'>peccatorem</span> <span class='ocrx_word' id='word_1_625' title='bbox 2178 1547 2389 1592; x_wconf 92' lang='lat' dir='ltr'>occultum,</span> <span class='ocrx_word' id='word_1_626' title='bbox 2425 1549 2485 1583; x_wconf 89' lang='lat' dir='ltr'>vel</span> 
     </span>
     <span class='ocr_line' id='line_1_93' title="bbox 1425 1596 2485 1646; baseline 0.003 -13"><span class='ocrx_word' id='word_1_627' title='bbox 1425 1596 1540 1633; x_wconf 91' lang='lat' dir='ltr'>etiam</span> <span class='ocrx_word' id='word_1_628' title='bbox 1568 1596 1607 1633; x_wconf 92' lang='lat' dir='ltr'>in</span> <span class='ocrx_word' id='word_1_629' title='bbox 1634 1596 1789 1646; x_wconf 92' lang='lat' dir='ltr'>publico</span> <span class='ocrx_word' id='word_1_630' title='bbox 1818 1597 2040 1644; x_wconf 88' lang='lat' dir='ltr'>generaliter</span> <span class='ocrx_word' id='word_1_631' title='bbox 2068 1610 2214 1645; x_wconf 91' lang='lat' dir='ltr'>omnes,</span> <span class='ocrx_word' id='word_1_632' title='bbox 2236 1611 2283 1635; x_wconf 95' lang='lat' dir='ltr'>ne</span> <span class='ocrx_word' id='word_1_633' title='bbox 2312 1599 2360 1636; x_wconf 93' lang='lat' dir='ltr'>ad</span> <span class='ocrx_word' id='word_1_634' title='bbox 2379 1611 2485 1636; x_wconf 89' lang='lat' dir='ltr'>men-</span> 
     </span>
     <span class='ocr_line' id='line_1_94' title="bbox 1426 1649 2486 1700; baseline 0.002 -14"><span class='ocrx_word' id='word_1_635' title='bbox 1426 1661 1509 1686; x_wconf 89' lang='lat' dir='ltr'>sam</span> <span class='ocrx_word' id='word_1_636' title='bbox 1536 1649 1696 1686; x_wconf 91' lang='lat' dir='ltr'>Domini</span> <span class='ocrx_word' id='word_1_637' title='bbox 1724 1650 1906 1686; x_wconf 90' lang='lat' dir='ltr'>accedant</span> <span class='ocrx_word' id='word_1_638' title='bbox 1933 1658 2142 1700; x_wconf 87' lang='lat' dir='ltr'>antequam</span> <span class='ocrx_word' id='word_1_639' title='bbox 2172 1651 2391 1700; x_wconf 89' lang='lat' dir='ltr'>poeniteant</span> <span class='ocrx_word' id='word_1_640' title='bbox 2410 1651 2423 1673; x_wconf 64' lang='grc' dir='ltr'><strong>ὅ</strong></span> <span class='ocrx_word' id='word_1_641' title='bbox 2450 1661 2486 1689; x_wconf 88' lang='lat' dir='ltr'>et</span> 
     </span>
     <span class='ocr_line' id='line_1_95' title="bbox 1426 1702 2486 1753; baseline 0.003 -15"><span class='ocrx_word' id='word_1_642' title='bbox 1426 1702 1616 1739; x_wconf 91' lang='lat' dir='ltr'>Ecclesiae</span> <span class='ocrx_word' id='word_1_643' title='bbox 1643 1702 1944 1740; x_wconf 88' lang='lat' dir='ltr'>reconcilientur.</span> <span class='ocrx_word' id='word_1_644' title='bbox 1982 1704 2087 1740; x_wconf 89' lang='lat' dir='ltr'>Nam</span> <span class='ocrx_word' id='word_1_645' title='bbox 2105 1712 2191 1752; x_wconf 91' lang='lat' dir='ltr'>post</span> <span class='ocrx_word' id='word_1_646' title='bbox 2213 1704 2486 1753; x_wconf 86' lang='lat' dir='ltr'>poenitentiam</span> 
     </span>
     <span class='ocr_line' id='line_1_96' title="bbox 1425 1754 2486 1806; baseline 0.002 -14"><span class='ocrx_word' id='word_1_647' title='bbox 1425 1762 1462 1792; x_wconf 90' lang='lat' dir='ltr'>et</span> <span class='ocrx_word' id='word_1_648' title='bbox 1490 1754 1859 1802; x_wconf 88' lang='lat' dir='ltr'>reconciliationem,</span> <span class='ocrx_word' id='word_1_649' title='bbox 1889 1755 2006 1793; x_wconf 87' lang='lat' dir='ltr'>etiam</span> <span class='ocrx_word' id='word_1_650' title='bbox 2031 1756 2193 1805; x_wconf 90' lang='lat' dir='ltr'>publicis</span> <span class='ocrx_word' id='word_1_651' title='bbox 2225 1757 2486 1806; x_wconf 88' lang='lat' dir='ltr'>peccatoribus</span> 
     </span>
     <span class='ocr_line' id='line_1_97' title="bbox 1426 1808 2487 1859; baseline 0.003 -15"><span class='ocrx_word' id='word_1_652' title='bbox 1426 1820 1507 1845; x_wconf 92' lang='lat' dir='ltr'>non</span> <span class='ocrx_word' id='word_1_653' title='bbox 1521 1816 1577 1844; x_wconf 93' lang='lat' dir='ltr'>est</span> <span class='ocrx_word' id='word_1_654' title='bbox 1595 1808 1823 1845; x_wconf 91' lang='lat' dir='ltr'>communio</span> <span class='ocrx_word' id='word_1_655' title='bbox 1843 1809 2087 1857; x_wconf 87' lang='lat' dir='ltr'>deneganda:</span> <span class='ocrx_word' id='word_1_656' title='bbox 2108 1810 2312 1859; x_wconf 89' lang='lat' dir='ltr'>praecipue</span> <span class='ocrx_word' id='word_1_657' title='bbox 2331 1810 2370 1847; x_wconf 91' lang='lat' dir='ltr'>in</span> <span class='ocrx_word' id='word_1_658' title='bbox 2385 1823 2487 1847; x_wconf 88' lang='lat' dir='ltr'>rnor-</span> 
     </span>
     <span class='ocr_line' id='line_1_98' title="bbox 1425 1860 2486 1911; baseline 0.003 -14"><span class='ocrx_word' id='word_1_659' title='bbox 1425 1860 1471 1898; x_wconf 89' lang='lat' dir='ltr'>tis</span> <span class='ocrx_word' id='word_1_660' title='bbox 1499 1860 1670 1898; x_wconf 90' lang='lat' dir='ltr'>articulo.</span> <span class='ocrx_word' id='word_1_661' title='bbox 1700 1861 1812 1898; x_wconf 92' lang='lat' dir='ltr'>Unde</span> <span class='ocrx_word' id='word_1_662' title='bbox 1838 1861 1877 1898; x_wconf 93' lang='lat' dir='ltr'>in</span> <span class='ocrx_word' id='word_1_663' title='bbox 1897 1861 2058 1899; x_wconf 92' lang='lat' dir='ltr'>concilio</span> <span class='ocrx_word' id='word_1_664' title='bbox 2085 1862 2410 1911; x_wconf 81' lang='lat' dir='ltr'>Carthaginensi*</span> <span class='ocrx_word' id='word_1_665' title='bbox 2437 1865 2486 1900; x_wconf 92' lang='lat' dir='ltr'>le-</span> 
     </span>
     <span class='ocr_line' id='line_1_99' title="bbox 1424 1913 2486 1966; baseline 0.003 -16"><span class='ocrx_word' id='word_1_666' title='bbox 1424 1913 1542 1962; x_wconf 89' lang='lat' dir='ltr'>gitur:</span> <span class='ocrx_word' id='word_1_667' title='bbox 1573 1915 1734 1951; x_wconf 86' lang='lat' dir='ltr'>Scenicis</span> <span class='ocrx_word' id='word_1_668' title='bbox 1774 1920 1883 1963; x_wconf 87' lang='lat' dir='ltr'>atque</span> <span class='ocrx_word' id='word_1_669' title='bbox 1924 1916 2157 1952; x_wconf 84' lang='lat' dir='ltr'>histrionibus</span> <span class='ocrx_word' id='word_1_670' title='bbox 2198 1917 2395 1966; x_wconf 89' lang='lat' dir='ltr'>ceterisque</span> <span class='ocrx_word' id='word_1_671' title='bbox 2421 1917 2486 1953; x_wconf 90' lang='lat' dir='ltr'>hu—</span> 
     </span>
     <span class='ocr_line' id='line_1_100' title="bbox 1426 1967 2486 2016; baseline 0.003 -13"><span class='ocrx_word' id='word_1_672' title='bbox 1426 1967 1585 2003; x_wconf 89' lang='lat' dir='ltr'>iusmodi</span> <span class='ocrx_word' id='word_1_673' title='bbox 1595 1968 1778 2016; x_wconf 80' lang='lat' dir='ltr'>personis,</span> <span class='ocrx_word' id='word_1_674' title='bbox 1798 1967 1857 2004; x_wconf 86' lang='lat' dir='ltr'>vel</span> <span class='ocrx_word' id='word_1_675' title='bbox 1884 1969 2067 2016; x_wconf 84' lang='lat' dir='ltr'>apostatis,</span> <span class='ocrx_word' id='word_1_676' title='bbox 2087 1970 2272 2005; x_wconf 83' lang='lat' dir='ltr'>conversis</span> <span class='ocrx_word' id='word_1_677' title='bbox 2290 1969 2341 2006; x_wconf 89' lang='lat' dir='ltr'>ad</span> <span class='ocrx_word' id='word_1_678' title='bbox 2365 1970 2486 2006; x_wconf 89' lang='lat' dir='ltr'>Deum</span> 
     </span>
     <span class='ocr_line' id='line_1_101' title="bbox 1426 2020 1974 2069; baseline 0 -13"><span class='ocrx_word' id='word_1_679' title='bbox 1426 2020 1675 2057; x_wconf 88' lang='lat' dir='ltr'>reconciliatio</span> <span class='ocrx_word' id='word_1_680' title='bbox 1704 2031 1778 2056; x_wconf 91' lang='lat' dir='ltr'>non</span> <span class='ocrx_word' id='word_1_681' title='bbox 1808 2026 1974 2069; x_wconf 81' lang='lat' dir='ltr'>negetur.</span> 
     </span>
    </p>

    <p class='ocr_par' dir='ltr' id='par_1_28' title="bbox 1425 2073 2485 2268">
     <span class='ocr_line' id='line_1_102' title="bbox 1479 2073 2485 2127; baseline 0.002 -19"><span class='ocrx_word' id='word_1_682' title='bbox 1479 2073 1536 2108; x_wconf 85' lang='lat' dir='ltr'>AD</span> <span class='ocrx_word' id='word_1_683' title='bbox 1565 2084 1699 2109; x_wconf 81' lang='lat' dir='ltr'>PRIMUM</span> <span class='ocrx_word' id='word_1_684' title='bbox 1727 2084 1825 2109; x_wconf 86' lang='lat' dir='ltr'>ERGO</span> <span class='ocrx_word' id='word_1_685' title='bbox 1854 2084 2034 2110; x_wconf 79' lang='lat' dir='ltr'>mCENDUM</span> <span class='ocrx_word' id='word_1_686' title='bbox 2063 2074 2169 2127; x_wconf 74' lang='lat' dir='ltr'>quod</span> <span class='ocrx_word' id='word_1_687' title='bbox 2198 2081 2325 2110; x_wconf 88' lang='lat' dir='ltr'>sancta</span> <span class='ocrx_word' id='word_1_688' title='bbox 2358 2074 2485 2123; x_wconf 93' lang='lat' dir='ltr'>prohi-</span> 
     </span>
     <span class='ocr_line' id='line_1_103' title="bbox 1425 2124 2485 2174; baseline 0.002 -13"><span class='ocrx_word' id='word_1_689' title='bbox 1425 2124 1564 2161; x_wconf 90' lang='lat' dir='ltr'>bentur</span> <span class='ocrx_word' id='word_1_690' title='bbox 1591 2124 1671 2161; x_wconf 90' lang='lat' dir='ltr'>dari</span> <span class='ocrx_word' id='word_1_691' title='bbox 1700 2126 1872 2171; x_wconf 85' lang='lat' dir='ltr'>canibus,</span> <span class='ocrx_word' id='word_1_692' title='bbox 1902 2124 1998 2162; x_wconf 89' lang='lat' dir='ltr'>idest</span> <span class='ocrx_word' id='word_1_693' title='bbox 2028 2125 2292 2174; x_wconf 91' lang='lat' dir='ltr'>peccatoribus</span> <span class='ocrx_word' id='word_1_694' title='bbox 2329 2126 2485 2163; x_wconf 89' lang='lat' dir='ltr'>manife-</span> 
     </span>
     <span class='ocr_line' id='line_1_104' title="bbox 1425 2177 2484 2228; baseline 0.003 -15"><span class='ocrx_word' id='word_1_695' title='bbox 1425 2177 1500 2214; x_wconf 90' lang='lat' dir='ltr'>stis.</span> <span class='ocrx_word' id='word_1_696' title='bbox 1531 2177 1607 2215; x_wconf 83' lang='lat' dir='ltr'>Sed</span> <span class='ocrx_word' id='word_1_697' title='bbox 1627 2178 1775 2214; x_wconf 90' lang='lat' dir='ltr'>occulta</span> <span class='ocrx_word' id='word_1_698' title='bbox 1793 2189 1874 2214; x_wconf 93' lang='lat' dir='ltr'>non</span> <span class='ocrx_word' id='word_1_699' title='bbox 1893 2186 2055 2227; x_wconf 90' lang='lat' dir='ltr'>possunt</span> <span class='ocrx_word' id='word_1_700' title='bbox 2080 2178 2231 2227; x_wconf 92' lang='lat' dir='ltr'>publice</span> <span class='ocrx_word' id='word_1_701' title='bbox 2259 2178 2397 2228; x_wconf 90' lang='lat' dir='ltr'>puniri,</span> <span class='ocrx_word' id='word_1_702' title='bbox 2418 2180 2484 2216; x_wconf 89' lang='lat' dir='ltr'>sed</span> 
     </span>
     <span class='ocr_line' id='line_1_105' title="bbox 1425 2229 2111 2268; baseline 0.003 -2"><span class='ocrx_word' id='word_1_703' title='bbox 1425 2238 1513 2267; x_wconf 92' lang='lat' dir='ltr'>sunt</span> <span class='ocrx_word' id='word_1_704' title='bbox 1540 2229 1672 2266; x_wconf 90' lang='lat' dir='ltr'>divino</span> <span class='ocrx_word' id='word_1_705' title='bbox 1702 2229 1842 2266; x_wconf 89' lang='lat' dir='ltr'>iudicio</span> <span class='ocrx_word' id='word_1_706' title='bbox 1872 2231 2111 2268; x_wconf 90' lang='lat' dir='ltr'>reservanda.</span> 
     </span>
    </p>

    <p class='ocr_par' dir='ltr' id='par_1_29' title="bbox 1423 2284 2485 2701">
     <span class='ocr_line' id='line_1_106' title="bbox 1477 2284 2485 2333; baseline 0.002 -14"><span class='ocrx_word' id='word_1_707' title='bbox 1477 2284 1534 2319; x_wconf 85' lang='lat' dir='ltr'>AD</span> <span class='ocrx_word' id='word_1_708' title='bbox 1569 2294 1757 2320; x_wconf 79' lang='lat' dir='ltr'>SECUNDUM</span> <span class='ocrx_word' id='word_1_709' title='bbox 1795 2295 1976 2321; x_wconf 77' lang='lat' dir='ltr'>DICENDUM</span> <span class='ocrx_word' id='word_1_710' title='bbox 2013 2284 2138 2332; x_wconf 87' lang='lat' dir='ltr'>quod,</span> <span class='ocrx_word' id='word_1_711' title='bbox 2175 2284 2258 2320; x_wconf 90' lang='lat' dir='ltr'>licet</span> <span class='ocrx_word' id='word_1_712' title='bbox 2294 2284 2403 2333; x_wconf 91' lang='lat' dir='ltr'>peius</span> <span class='ocrx_word' id='word_1_713' title='bbox 2439 2285 2485 2321; x_wconf 91' lang='lat' dir='ltr'>sit</span> 
     </span>
     <span class='ocr_line' id='line_1_107' title="bbox 1423 2335 2483 2385; baseline 0.003 -14"><span class='ocrx_word' id='word_1_714' title='bbox 1423 2335 1614 2384; x_wconf 87' lang='lat' dir='ltr'>peccatori</span> <span class='ocrx_word' id='word_1_715' title='bbox 1655 2337 1805 2372; x_wconf 90' lang='lat' dir='ltr'>occulto</span> <span class='ocrx_word' id='word_1_716' title='bbox 1847 2348 2005 2385; x_wconf 90' lang='lat' dir='ltr'>peccare</span> <span class='ocrx_word' id='word_1_717' title='bbox 2047 2337 2253 2374; x_wconf 84' lang='lat' dir='ltr'>mortaliter</span> <span class='ocrx_word' id='word_1_718' title='bbox 2293 2338 2483 2374; x_wconf 89' lang='lat' dir='ltr'>sumendo</span> 
     </span>
     <span class='ocr_line' id='line_1_108' title="bbox 1424 2388 2483 2437; baseline 0.002 -13"><span class='ocrx_word' id='word_1_719' title='bbox 1424 2400 1564 2437; x_wconf 90' lang='lat' dir='ltr'>corpus</span> <span class='ocrx_word' id='word_1_720' title='bbox 1598 2388 1736 2425; x_wconf 89' lang='lat' dir='ltr'>Christi</span> <span class='ocrx_word' id='word_1_721' title='bbox 1773 2401 1890 2437; x_wconf 88' lang='lat' dir='ltr'>quarn</span> <span class='ocrx_word' id='word_1_722' title='bbox 1922 2388 2114 2436; x_wconf 86' lang='lat' dir='ltr'>infamari,</span> <span class='ocrx_word' id='word_1_723' title='bbox 2143 2397 2272 2426; x_wconf 89' lang='lat' dir='ltr'>tamen</span> <span class='ocrx_word' id='word_1_724' title='bbox 2300 2390 2483 2427; x_wconf 90' lang='lat' dir='ltr'>sacerdoti</span> 
     </span>
     <span class='ocr_line' id='line_1_109' title="bbox 1424 2441 2482 2491; baseline 0.002 -14"><span class='ocrx_word' id='word_1_725' title='bbox 1424 2441 1650 2477; x_wconf 91' lang='lat' dir='ltr'>ministranti</span> <span class='ocrx_word' id='word_1_726' title='bbox 1673 2453 1814 2490; x_wconf 92' lang='lat' dir='ltr'>corpus</span> <span class='ocrx_word' id='word_1_727' title='bbox 1835 2441 1973 2478; x_wconf 90' lang='lat' dir='ltr'>Christi</span> <span class='ocrx_word' id='word_1_728' title='bbox 2000 2441 2110 2491; x_wconf 89' lang='lat' dir='ltr'>peius</span> <span class='ocrx_word' id='word_1_729' title='bbox 2130 2450 2184 2478; x_wconf 91' lang='lat' dir='ltr'>est</span> <span class='ocrx_word' id='word_1_730' title='bbox 2202 2454 2359 2491; x_wconf 91' lang='lat' dir='ltr'>peccare</span> <span class='ocrx_word' id='word_1_731' title='bbox 2383 2455 2482 2479; x_wconf 89' lang='lat' dir='ltr'>mor-</span> 
     </span>
     <span class='ocr_line' id='line_1_110' title="bbox 1423 2493 2482 2544; baseline 0.002 -14"><span class='ocrx_word' id='word_1_732' title='bbox 1423 2493 1544 2531; x_wconf 87' lang='lat' dir='ltr'>taliter</span> <span class='ocrx_word' id='word_1_733' title='bbox 1570 2493 1791 2531; x_wconf 89' lang='lat' dir='ltr'>infamando</span> <span class='ocrx_word' id='word_1_734' title='bbox 1821 2493 1958 2531; x_wconf 91' lang='lat' dir='ltr'>iniuste</span> <span class='ocrx_word' id='word_1_735' title='bbox 1978 2499 1990 2515; x_wconf 56' lang='grc' dir='ltr'><strong>Β</strong></span> <span class='ocrx_word' id='word_1_736' title='bbox 2015 2502 2256 2544; x_wconf 90' lang='lat' dir='ltr'>peccatorem</span> <span class='ocrx_word' id='word_1_737' title='bbox 2276 2497 2482 2541; x_wconf 85' lang='lat' dir='ltr'>occultum,</span> 
     </span>
     <span class='ocr_line' id='line_1_111' title="bbox 1424 2546 2483 2597; baseline 0.002 -14"><span class='ocrx_word' id='word_1_738' title='bbox 1424 2559 1543 2596; x_wconf 91' lang='lat' dir='ltr'>quam</span> <span class='ocrx_word' id='word_1_739' title='bbox 1575 2547 1683 2595; x_wconf 92' lang='lat' dir='ltr'>quod</span> <span class='ocrx_word' id='word_1_740' title='bbox 1715 2546 1775 2583; x_wconf 89' lang='lat' dir='ltr'>ille</span> <span class='ocrx_word' id='word_1_741' title='bbox 1811 2547 2019 2584; x_wconf 90' lang='lat' dir='ltr'>mortaliter</span> <span class='ocrx_word' id='word_1_742' title='bbox 2045 2555 2192 2596; x_wconf 91' lang='lat' dir='ltr'>peccet:</span> <span class='ocrx_word' id='word_1_743' title='bbox 2231 2547 2322 2597; x_wconf 92' lang='lat' dir='ltr'>quia</span> <span class='ocrx_word' id='word_1_744' title='bbox 2355 2549 2483 2585; x_wconf 89' lang='lat' dir='ltr'>nullus</span> 
     </span>
     <span class='ocr_line' id='line_1_112' title="bbox 1423 2599 2483 2648; baseline 0.002 -13"><span class='ocrx_word' id='word_1_745' title='bbox 1423 2599 1536 2635; x_wconf 88' lang='lat' dir='ltr'>debet</span> <span class='ocrx_word' id='word_1_746' title='bbox 1562 2607 1764 2648; x_wconf 90' lang='lat' dir='ltr'>peccatum</span> <span class='ocrx_word' id='word_1_747' title='bbox 1783 2601 1943 2636; x_wconf 88' lang='lat' dir='ltr'>mortale</span> <span class='ocrx_word' id='word_1_748' title='bbox 1963 2600 2200 2638; x_wconf 91' lang='lat' dir='ltr'>committere</span> <span class='ocrx_word' id='word_1_749' title='bbox 2228 2608 2270 2637; x_wconf 89' lang='lat' dir='ltr'>ut</span> <span class='ocrx_word' id='word_1_750' title='bbox 2297 2601 2415 2637; x_wconf 90' lang='lat' dir='ltr'>aliurn</span> <span class='ocrx_word' id='word_1_751' title='bbox 2443 2601 2483 2637; x_wconf 93' lang='lat' dir='ltr'>li-</span> 
     </span>
     <span class='ocr_line' id='line_1_113' title="bbox 1423 2652 2483 2701; baseline 0.002 -13"><span class='ocrx_word' id='word_1_752' title='bbox 1423 2652 1529 2688; x_wconf 91' lang='lat' dir='ltr'>beret</span> <span class='ocrx_word' id='word_1_753' title='bbox 1556 2664 1579 2688; x_wconf 87' lang='lat' dir='ltr'>a</span> <span class='ocrx_word' id='word_1_754' title='bbox 1605 2659 1774 2701; x_wconf 87' lang='lat' dir='ltr'>peccato.</span> <span class='ocrx_word' id='word_1_755' title='bbox 1804 2652 1916 2690; x_wconf 90' lang='lat' dir='ltr'>Unde</span> <span class='ocrx_word' id='word_1_756' title='bbox 1936 2653 2171 2701; x_wconf 88' lang='lat' dir='ltr'>Augustinus</span> <span class='ocrx_word' id='word_1_757' title='bbox 2199 2653 2297 2700; x_wconf 87' lang='lat' dir='ltr'>dicit,</span> <span class='ocrx_word' id='word_1_758' title='bbox 2324 2653 2364 2690; x_wconf 93' lang='lat' dir='ltr'>in</span> <span class='ocrx_word' id='word_1_759' title='bbox 2387 2653 2483 2690; x_wconf 91' lang='lat' dir='ltr'>libro</span> 
     </span>
    </p>
   </div>
   <div class='ocr_carea' id='block_1_21' title="bbox 2608 1080 2623 1104">
    <p class='ocr_par' dir='ltr' id='par_1_30' title="bbox 2608 1080 2623 1104">
     <span class='ocr_line' id='line_1_114' title="bbox 2608 1080 2623 1104; baseline 0 0"><span class='ocrx_word' id='word_1_760' title='bbox 2608 1080 2623 1104; x_wconf 86' lang='grc' dir='ltr'>Υ</span> 
     </span>
    </p>
   </div>
   <div class='ocr_carea' id='block_1_22' title="bbox 2513 1182 2649 1205">
    <p class='ocr_par' dir='ltr' id='par_1_31' title="bbox 2513 1182 2649 1205">
     <span class='ocr_line' id='line_1_115' title="bbox 2513 1182 2649 1205; baseline 0.015 -3"><span class='ocrx_word' id='word_1_761' title='bbox 2513 1184 2521 1192; x_wconf 88' lang='grc'>·</span> <span class='ocrx_word' id='word_1_762' title='bbox 2537 1182 2602 1204; x_wconf 72' lang='lat' dir='ltr'>Vers.</span> <span class='ocrx_word' id='word_1_763' title='bbox 2619 1190 2649 1205; x_wconf 77' lang='lat' dir='ltr'>n.</span> 
     </span>
    </p>
   </div>
   <div class='ocr_carea' id='block_1_23' title="bbox 2513 1236 2707 1263">
    <p class='ocr_par' dir='ltr' id='par_1_32' title="bbox 2513 1236 2707 1263">
     <span class='ocr_line' id='line_1_116' title="bbox 2513 1236 2707 1263; baseline 0.01 -6"><span class='ocrx_word' id='word_1_764' title='bbox 2513 1238 2521 1246; x_wconf 87' lang='lat'><strong>·</strong></span> <span class='ocrx_word' id='word_1_765' title='bbox 2536 1236 2611 1263; x_wconf 77' lang='lat' dir='ltr'>Apud.</span> <span class='ocrx_word' id='word_1_766' title='bbox 2625 1236 2707 1259; x_wconf 87' lang='lat' dir='ltr'>Lomb.</span> 
     </span>
    </p>
   </div>
   <div class='ocr_carea' id='block_1_24' title="bbox 2514 1865 2724 1966">
    <p class='ocr_par' dir='ltr' id='par_1_33' title="bbox 2514 1865 2724 1966">
     <span class='ocr_line' id='line_1_117' title="bbox 2514 1865 2724 1891; baseline 0 -5"><span class='ocrx_word' id='word_1_767' title='bbox 2514 1867 2524 1876; x_wconf 88' lang='grc'><em>·</em></span> <span class='ocrx_word' id='word_1_768' title='bbox 2532 1865 2570 1891; x_wconf 86' lang='lat'>111,</span> <span class='ocrx_word' id='word_1_769' title='bbox 2579 1871 2628 1886; x_wconf 88' lang='lat' dir='ltr'>can.</span> <span class='ocrx_word' id='word_1_770' title='bbox 2637 1871 2704 1887; x_wconf 83' lang='lat' dir='ltr'>xxxv.</span> <span class='ocrx_word' id='word_1_771' title='bbox 2713 1876 2724 1880; x_wconf 99' lang='lat'>-</span> 
     </span>
     <span class='ocr_line' id='line_1_118' title="bbox 2514 1891 2723 1919; baseline -0.005 -5"><span class='ocrx_word' id='word_1_772' title='bbox 2514 1891 2550 1914; x_wconf 82' lang='lat' dir='ltr'>Cf.</span> <span class='ocrx_word' id='word_1_773' title='bbox 2556 1898 2605 1914; x_wconf 86' lang='lat' dir='ltr'>can.</span> <span class='ocrx_word' id='word_1_774' title='bbox 2611 1892 2723 1919; x_wconf 80' lang='lat' dir='ltr'>Scenicis,</span> 
     </span>
     <span class='ocr_line' id='line_1_119' title="bbox 2514 1918 2722 1966; baseline -0.005 -26"><span class='ocrx_word' id='word_1_775' title='bbox 2514 1918 2665 1966; x_wconf 59' lang='lat' dir='ltr'>iileCons-ecr„</span> <span class='ocrx_word' id='word_1_776' title='bbox 2670 1918 2722 1940; x_wconf 81' lang='lat' dir='ltr'>dist.</span> 
     </span>
    </p>
   </div>
   <div class='ocr_carea' id='block_1_25' title="bbox 1429 2705 2612 2753">
    <p class='ocr_par' dir='ltr' id='par_1_34' title="bbox 1429 2705 2612 2753">
     <span class='ocr_line' id='line_1_120' title="bbox 1429 2705 2612 2753; baseline 0.002 -12"><span class='ocrx_word' id='word_1_777' title='bbox 1429 2706 1692 2747; x_wconf 87' lang='lat' dir='ltr'>Quaestionum</span> <span class='ocrx_word' id='word_1_778' title='bbox 1709 2717 1820 2753; x_wconf 83' lang='lat' dir='ltr'>super</span> <span class='ocrx_word' id='word_1_779' title='bbox 1843 2706 1934 2742; x_wconf 90' lang='lat' dir='ltr'>Gen.</span> <span class='ocrx_word' id='word_1_780' title='bbox 1954 2705 1991 2742; x_wconf 77' lang='grc' dir='ltr'>*ε</span> <span class='ocrx_word' id='word_1_781' title='bbox 2020 2707 2329 2743; x_wconf 80' lang='lat' dir='ltr'>Periculosissime</span> <span class='ocrx_word' id='word_1_782' title='bbox 2355 2707 2483 2744; x_wconf 90' lang='lat' dir='ltr'>admit—</span> <span class='ocrx_word' id='word_1_783' title='bbox 2511 2713 2521 2723; x_wconf 88' lang='grc'><em>·</em></span> <span class='ocrx_word' id='word_1_784' title='bbox 2562 2718 2575 2732; x_wconf 82' lang='lat'>¹¹</span> <span class='ocrx_word' id='word_1_785' title='bbox 2599 2718 2612 2732; x_wconf 89' lang='lat'>¹</span> 
     </span>
    </p>
   </div>
   <div class='ocr_carea' id='block_1_26' title="bbox 1423 2758 2486 3124">
    <p class='ocr_par' dir='ltr' id='par_1_35' title="bbox 1423 2758 2486 3124">
     <span class='ocr_line' id='line_1_121' title="bbox 1423 2758 2486 2808; baseline 0.002 -14"><span class='ocrx_word' id='word_1_786' title='bbox 1423 2759 1509 2794; x_wconf 86' lang='lat' dir='ltr'>titur</span> <span class='ocrx_word' id='word_1_787' title='bbox 1544 2758 1636 2794; x_wconf 87' lang='lat' dir='ltr'>haec</span> <span class='ocrx_word' id='word_1_788' title='bbox 1669 2759 1936 2807; x_wconf 82' lang='lat' dir='ltr'>compensatio,</span> <span class='ocrx_word' id='word_1_789' title='bbox 1967 2764 2004 2795; x_wconf 90' lang='lat' dir='ltr'>ut</span> <span class='ocrx_word' id='word_1_790' title='bbox 2032 2771 2099 2795; x_wconf 90' lang='lat' dir='ltr'>nos</span> <span class='ocrx_word' id='word_1_791' title='bbox 2120 2759 2314 2806; x_wconf 90' lang='lat' dir='ltr'>faciamus</span> <span class='ocrx_word' id='word_1_792' title='bbox 2347 2759 2486 2808; x_wconf 87' lang='lat' dir='ltr'>aliquid</span> 
     </span>
     <span class='ocr_line' id='line_1_122' title="bbox 1423 2810 2484 2860; baseline 0.002 -14"><span class='ocrx_word' id='word_1_793' title='bbox 1423 2810 1529 2856; x_wconf 89' lang='lat' dir='ltr'>mali,</span> <span class='ocrx_word' id='word_1_794' title='bbox 1569 2823 1615 2846; x_wconf 88' lang='lat' dir='ltr'>ne</span> <span class='ocrx_word' id='word_1_795' title='bbox 1651 2811 1745 2847; x_wconf 90' lang='lat' dir='ltr'>alius</span> <span class='ocrx_word' id='word_1_796' title='bbox 1778 2812 1934 2860; x_wconf 78' lang='lat' dir='ltr'>gravius</span> <span class='ocrx_word' id='word_1_797' title='bbox 1967 2811 2108 2849; x_wconf 87' lang='lat' dir='ltr'>malum</span> <span class='ocrx_word' id='word_1_798' title='bbox 2138 2812 2264 2857; x_wconf 86' lang='lat' dir='ltr'>faciat.</span> <span class='ocrx_word' id='word_1_799' title='bbox 2303 2812 2484 2848; x_wconf 86' lang='lat' dir='ltr'>Peccator</span> 
     </span>
     <span class='ocr_line' id='line_1_123' title="bbox 1423 2862 2482 2912; baseline 0.002 -13"><span class='ocrx_word' id='word_1_800' title='bbox 1423 2870 1552 2900; x_wconf 87' lang='lat' dir='ltr'>tamen</span> <span class='ocrx_word' id='word_1_801' title='bbox 1581 2864 1753 2900; x_wconf 91' lang='lat' dir='ltr'>occultus</span> <span class='ocrx_word' id='word_1_802' title='bbox 1780 2862 1909 2912; x_wconf 91' lang='lat' dir='ltr'>potius</span> <span class='ocrx_word' id='word_1_803' title='bbox 1937 2863 2119 2900; x_wconf 62' lang='lat' dir='ltr'>deberet&lt;</span> <span class='ocrx_word' id='word_1_804' title='bbox 2148 2864 2282 2911; x_wconf 86' lang='lat' dir='ltr'>eligere</span> <span class='ocrx_word' id='word_1_805' title='bbox 2310 2863 2482 2901; x_wconf 87' lang='lat' dir='ltr'>infamari</span> 
     </span>
     <span class='ocr_line' id='line_1_124' title="bbox 1424 2915 2393 2964; baseline 0.001 -12"><span class='ocrx_word' id='word_1_806' title='bbox 1424 2928 1543 2964; x_wconf 90' lang='lat' dir='ltr'>quam</span> <span class='ocrx_word' id='word_1_807' title='bbox 1570 2915 1724 2963; x_wconf 87' lang='lat' dir='ltr'>indigne</span> <span class='ocrx_word' id='word_1_808' title='bbox 1753 2915 1802 2952; x_wconf 91' lang='lat' dir='ltr'>ad</span> <span class='ocrx_word' id='word_1_809' title='bbox 1830 2927 2007 2952; x_wconf 90' lang='lat' dir='ltr'>mensam</span> <span class='ocrx_word' id='word_1_810' title='bbox 2035 2915 2174 2953; x_wconf 86' lang='lat' dir='ltr'>Christi</span> <span class='ocrx_word' id='word_1_811' title='bbox 2202 2916 2393 2953; x_wconf 88' lang='lat' dir='ltr'>accedere.</span> 
     </span>
     <span class='ocr_line' id='line_1_125' title="bbox 1477 2968 2484 3006; baseline 0.002 -2"><span class='ocrx_word' id='word_1_812' title='bbox 1477 2968 1611 3005; x_wconf 90' lang='lat' dir='ltr'>Hostia</span> <span class='ocrx_word' id='word_1_813' title='bbox 1629 2975 1759 3005; x_wconf 89' lang='lat' dir='ltr'>tamen</span> <span class='ocrx_word' id='word_1_814' title='bbox 1778 2980 1857 3005; x_wconf 93' lang='lat' dir='ltr'>non</span> <span class='ocrx_word' id='word_1_815' title='bbox 1873 2976 2092 3006; x_wconf 90' lang='lat' dir='ltr'>consecrata</span> <span class='ocrx_word' id='word_1_816' title='bbox 2113 2970 2217 3006; x_wconf 92' lang='lat' dir='ltr'>nullo</span> <span class='ocrx_word' id='word_1_817' title='bbox 2232 2969 2352 3006; x_wconf 92' lang='lat' dir='ltr'>modo</span> <span class='ocrx_word' id='word_1_818' title='bbox 2372 2969 2484 3006; x_wconf 89' lang='lat' dir='ltr'>debet</span> 
     </span>
     <span class='ocr_line' id='line_1_126' title="bbox 1424 3020 2482 3070; baseline 0.001 -13"><span class='ocrx_word' id='word_1_819' title='bbox 1424 3020 1504 3058; x_wconf 91' lang='lat' dir='ltr'>dari</span> <span class='ocrx_word' id='word_1_820' title='bbox 1524 3022 1609 3058; x_wconf 89' lang='lat' dir='ltr'>loco</span> <span class='ocrx_word' id='word_1_821' title='bbox 1628 3028 1885 3058; x_wconf 82' lang='lat' dir='ltr'>consecratae:</span> <span class='ocrx_word' id='word_1_822' title='bbox 1915 3020 2006 3070; x_wconf 90' lang='lat' dir='ltr'>quia</span> <span class='ocrx_word' id='word_1_823' title='bbox 2029 3021 2205 3058; x_wconf 87' lang='lat' dir='ltr'>sacerdos</span> <span class='ocrx_word' id='word_1_824' title='bbox 2233 3022 2308 3058; x_wconf 93' lang='lat' dir='ltr'>hoc</span> <span class='ocrx_word' id='word_1_825' title='bbox 2330 3021 2482 3068; x_wconf 88' lang='lat' dir='ltr'>faciens,</span> 
     </span>
     <span class='ocr_line' id='line_1_127' title="bbox 1424 3073 2483 3124; baseline 0.001 -14"><span class='ocrx_word' id='word_1_826' title='bbox 1424 3081 1614 3123; x_wconf 91' lang='lat' dir='ltr'>quantum</span> <span class='ocrx_word' id='word_1_827' title='bbox 1641 3081 1696 3110; x_wconf 90' lang='lat' dir='ltr'>est</span> <span class='ocrx_word' id='word_1_828' title='bbox 1724 3073 1763 3110; x_wconf 92' lang='lat' dir='ltr'>in</span> <span class='ocrx_word' id='word_1_829' title='bbox 1792 3086 1852 3120; x_wconf 89' lang='lat' dir='ltr'>se,</span> <span class='ocrx_word' id='word_1_830' title='bbox 1880 3073 1966 3111; x_wconf 86' lang='lat' dir='ltr'>facit</span> <span class='ocrx_word' id='word_1_831' title='bbox 1993 3079 2011 3100; x_wconf 71' lang='grc' dir='ltr'><strong>η</strong></span> <span class='ocrx_word' id='word_1_832' title='bbox 2039 3074 2278 3111; x_wconf 88' lang='lat' dir='ltr'>idololatrare</span> <span class='ocrx_word' id='word_1_833' title='bbox 2306 3073 2389 3111; x_wconf 92' lang='lat' dir='ltr'>illos</span> <span class='ocrx_word' id='word_1_834' title='bbox 2417 3075 2483 3124; x_wconf 91' lang='lat' dir='ltr'>qui</span> 
     </span>
    </p>
   </div>
   <div class='ocr_carea' id='block_1_27' title="bbox 1424 3125 2521 3176">
    <p class='ocr_par' dir='ltr' id='par_1_36' title="bbox 1424 3125 2521 3176">
     <span class='ocr_line' id='line_1_128' title="bbox 1424 3125 2521 3176; baseline 0.001 -13"><span class='ocrx_word' id='word_1_835' title='bbox 1424 3126 1584 3163; x_wconf 91' lang='lat' dir='ltr'>credunt</span> <span class='ocrx_word' id='word_1_836' title='bbox 1611 3125 1776 3163; x_wconf 89' lang='lat' dir='ltr'>hostiam</span> <span class='ocrx_word' id='word_1_837' title='bbox 1804 3134 2065 3163; x_wconf 88' lang='lat' dir='ltr'>consecratam</span> <span class='ocrx_word' id='word_1_838' title='bbox 2087 3126 2119 3171; x_wconf 62' lang='lat'>²⁸,</span> <span class='ocrx_word' id='word_1_839' title='bbox 2147 3126 2227 3164; x_wconf 87' lang='lat' dir='ltr'>sive</span> <span class='ocrx_word' id='word_1_840' title='bbox 2255 3126 2349 3164; x_wconf 89' lang='lat' dir='ltr'>alios</span> <span class='ocrx_word' id='word_1_841' title='bbox 2375 3139 2483 3176; x_wconf 85' lang='lat' dir='ltr'>prae·</span> <span class='ocrx_word' id='word_1_842' title='bbox 2511 3138 2521 3147; x_wconf 89' lang='grc'>·</span> 
     </span>
    </p>
   </div>
   <div class='ocr_carea' id='block_1_28' title="bbox 1423 3178 2484 3280">
    <p class='ocr_par' dir='ltr' id='par_1_37' title="bbox 1423 3178 2484 3280">
     <span class='ocr_line' id='line_1_129' title="bbox 1424 3178 2483 3228; baseline 0.002 -13"><span class='ocrx_word' id='word_1_843' title='bbox 1424 3187 1559 3225; x_wconf 80' lang='lat' dir='ltr'>senteS,</span> <span class='ocrx_word' id='word_1_844' title='bbox 1580 3178 1659 3216; x_wconf 88' lang='lat' dir='ltr'>sive</span> <span class='ocrx_word' id='word_1_845' title='bbox 1679 3178 1792 3216; x_wconf 86' lang='lat' dir='ltr'>etiam</span> <span class='ocrx_word' id='word_1_846' title='bbox 1812 3178 1941 3228; x_wconf 90' lang='lat' dir='ltr'>ipsum</span> <span class='ocrx_word' id='word_1_847' title='bbox 1960 3187 2197 3225; x_wconf 83' lang='lat' dir='ltr'>sumentem3</span> <span class='ocrx_word' id='word_1_848' title='bbox 2227 3179 2329 3228; x_wconf 87' lang='lat' dir='ltr'>quia,</span> <span class='ocrx_word' id='word_1_849' title='bbox 2344 3187 2387 3217; x_wconf 91' lang='lat' dir='ltr'>ut</span> <span class='ocrx_word' id='word_1_850' title='bbox 2406 3181 2483 3217; x_wconf 88' lang='lat' dir='ltr'>Au-</span> 
     </span>
     <span class='ocr_line' id='line_1_130' title="bbox 1423 3231 2484 3280; baseline 0.002 -12"><span class='ocrx_word' id='word_1_851' title='bbox 1423 3231 1594 3280; x_wconf 88' lang='lat' dir='ltr'>gustinus</span> <span class='ocrx_word' id='word_1_852' title='bbox 1608 3231 1697 3268; x_wconf 91' lang='lat' dir='ltr'>dicit</span> <span class='ocrx_word' id='word_1_853' title='bbox 1706 3231 1738 3276; x_wconf 70' lang='lat'>²¹⁸,</span> <span class='ocrx_word' id='word_1_854' title='bbox 1756 3244 1864 3269; x_wconf 91' lang='lat' dir='ltr'>nemo</span> <span class='ocrx_word' id='word_1_855' title='bbox 1883 3244 2036 3269; x_wconf 90' lang='lat' dir='ltr'>carnem</span> <span class='ocrx_word' id='word_1_856' title='bbox 2055 3233 2190 3269; x_wconf 88' lang='lat' dir='ltr'>Christi</span> <span class='ocrx_word' id='word_1_857' title='bbox 2206 3232 2401 3270; x_wconf 87' lang='lat' dir='ltr'>manducet</span> <span class='ocrx_word' id='word_1_858' title='bbox 2415 3235 2484 3270; x_wconf 90' lang='lat' dir='ltr'>nisi</span> 
     </span>
    </p>
   </div>
   <div class='ocr_carea' id='block_1_29' title="bbox 1423 3345 2483 3522">
    <p class='ocr_par' dir='ltr' id='par_1_38' title="bbox 1476 3345 2169 3380">
     <span class='ocr_line' id='line_1_131' title="bbox 1476 3345 2169 3380; baseline 0.001 -9"><span class='ocrx_word' id='word_1_859' title='bbox 1476 3345 1502 3380; x_wconf 79' lang='grc' dir='ltr'>ὃ)</span> <span class='ocrx_word' id='word_1_860' title='bbox 1516 3347 1682 3379; x_wconf 77' lang='lat' dir='ltr'>poeniteant.</span> <span class='ocrx_word' id='word_1_861' title='bbox 1698 3361 1718 3366; x_wconf 89' lang='lat'>-—</span> <span class='ocrx_word' id='word_1_862' title='bbox 1735 3347 1768 3372; x_wconf 81' lang='lat' dir='ltr'>de</span> <span class='ocrx_word' id='word_1_863' title='bbox 1782 3347 1899 3379; x_wconf 77' lang='lat' dir='ltr'>peccatis</span> <span class='ocrx_word' id='word_1_864' title='bbox 1913 3347 2071 3380; x_wconf 77' lang='lat' dir='ltr'>poeniteant</span> <span class='ocrx_word' id='word_1_865' title='bbox 2088 3347 2169 3372; x_wconf 79' lang='lat' dir='ltr'>tertia.</span> 
     </span>
    </p>

    <p class='ocr_par' dir='ltr' id='par_1_39' title="bbox 1477 3381 2179 3416">
     <span class='ocr_line' id='line_1_132' title="bbox 1477 3381 2179 3416; baseline 0.001 -10"><span class='ocrx_word' id='word_1_866' title='bbox 1477 3381 1500 3416; x_wconf 87' lang='grc' dir='ltr'>ε)</span> <span class='ocrx_word' id='word_1_867' title='bbox 1520 3382 1625 3407; x_wconf 81' lang='lat' dir='ltr'>iniuste.</span> <span class='ocrx_word' id='word_1_868' title='bbox 1642 3396 1662 3401; x_wconf 90' lang='lat'>—-</span> <span class='ocrx_word' id='word_1_869' title='bbox 1678 3382 1736 3407; x_wconf 82' lang='lat' dir='ltr'>FsD</span> <span class='ocrx_word' id='word_1_870' title='bbox 1755 3390 1772 3407; x_wconf 81' lang='lat' dir='ltr'>a</span> <span class='ocrx_word' id='word_1_871' title='bbox 1792 3388 1816 3407; x_wconf 84' lang='lat' dir='ltr'>et</span> <span class='ocrx_word' id='word_1_872' title='bbox 1835 3383 1907 3407; x_wconf 75' lang='lat' dir='ltr'>tertia</span> <span class='ocrx_word' id='word_1_873' title='bbox 1927 3388 2027 3415; x_wconf 80' lang='lat' dir='ltr'>praeter</span> <span class='ocrx_word' id='word_1_874' title='bbox 2045 3383 2084 3412; x_wconf 83' lang='lat' dir='ltr'>H;</span> <span class='ocrx_word' id='word_1_875' title='bbox 2105 3383 2179 3408; x_wconf 79' lang='lat' dir='ltr'>iuste.</span> 
     </span>
    </p>

    <p class='ocr_par' dir='ltr' id='par_1_40' title="bbox 1423 3417 2483 3522">
     <span class='ocr_line' id='line_1_133' title="bbox 1475 3417 2483 3459; baseline 0.004 -17"><span class='ocrx_word' id='word_1_876' title='bbox 1475 3417 1501 3459; x_wconf 68' lang='grc' dir='ltr'>ζ)</span> <span class='ocrx_word' id='word_1_877' title='bbox 1521 3417 1634 3442; x_wconf 86' lang='lat' dir='ltr'>deberet.</span> <span class='ocrx_word' id='word_1_878' title='bbox 1653 3433 1671 3436; x_wconf 97' lang='lat'><strong>—</strong></span> <span class='ocrx_word' id='word_1_879' title='bbox 1690 3418 1741 3448; x_wconf 81' lang='lat' dir='ltr'>Pa;</span> <span class='ocrx_word' id='word_1_880' title='bbox 1767 3418 1844 3443; x_wconf 83' lang='lat' dir='ltr'>debet</span> <span class='ocrx_word' id='word_1_881' title='bbox 1869 3418 1971 3449; x_wconf 79' lang='lat' dir='ltr'>DFlsG‚</span> <span class='ocrx_word' id='word_1_882' title='bbox 1998 3418 2109 3443; x_wconf 81' lang='lat' dir='ltr'>debeant</span> <span class='ocrx_word' id='word_1_883' title='bbox 2133 3419 2173 3443; x_wconf 88' lang='lat' dir='ltr'>vel</span> <span class='ocrx_word' id='word_1_884' title='bbox 2200 3418 2323 3444; x_wconf 82' lang='lat' dir='ltr'>deberent</span> <span class='ocrx_word' id='word_1_885' title='bbox 2342 3420 2371 3451; x_wconf 87' lang='lat' dir='ltr'>E,</span> <span class='ocrx_word' id='word_1_886' title='bbox 2391 3421 2483 3446; x_wconf 84' lang='lat' dir='ltr'>debeat</span> 
     </span>
     <span class='ocr_line' id='line_1_134' title="bbox 1423 3458 1926 3522; baseline 0.004 -10"><span class='ocrx_word' id='word_1_887' title='bbox 1423 3458 1596 3522; x_wconf 42' lang='lat' dir='ltr'>cetegi-facit.</span> <span class='ocrx_word' id='word_1_888' title='bbox 1614 3502 1632 3506; x_wconf 92' lang='lat'>-</span> <span class='ocrx_word' id='word_1_889' title='bbox 1650 3488 1688 3513; x_wconf 79' lang='lat' dir='ltr'>Fa</span> <span class='ocrx_word' id='word_1_890' title='bbox 1707 3494 1732 3513; x_wconf 84' lang='lat' dir='ltr'>et</span> <span class='ocrx_word' id='word_1_891' title='bbox 1750 3489 1837 3520; x_wconf 80' lang='lat' dir='ltr'>tertia;</span> <span class='ocrx_word' id='word_1_892' title='bbox 1851 3488 1926 3522; x_wconf 80' lang='lat' dir='ltr'>secit.</span> 
     </span>
    </p>
   </div>
  </div>
 </body>
</html>
