<?xml version="1.0" encoding="UTF-8"?>
<!DOCTYPE html PUBLIC "-//W3C//DTD XHTML 1.0 Transitional//EN"
    "http://www.w3.org/TR/xhtml1/DTD/xhtml1-transitional.dtd">
<html xmlns="http://www.w3.org/1999/xhtml" xml:lang="en" lang="en">
 <head>
  <title>
</title>
<meta http-equiv="Content-Type" content="text/html;charset=utf-8" />
  <meta name='ocr-system' content='tesseract 3.04.00' />
  <meta name='ocr-capabilities' content='ocr_page ocr_carea ocr_par ocr_line ocrx_word'/>
</head>
<body>
  <div class='ocr_page' id='page_1' title='image "./operaomniaiussui12thom_0390.png"; bbox 0 0 2918 4088; ppageno 0'>
   <div class='ocr_carea' id='block_1_1' title="bbox 225 757 437 813">
    <p class='ocr_par' dir='ltr' id='par_1_1' title="bbox 225 757 437 813">
     <span class='ocr_line' id='line_1_1' title="bbox 226 757 437 785; baseline 0.009 -7"><span class='ocrx_word' id='word_1_1' title='bbox 226 757 345 785; x_wconf 62' lang='lat' dir='ltr'>*Quaesin</span> <span class='ocrx_word' id='word_1_2' title='bbox 353 763 437 785; x_wconf 67' lang='lat' dir='ltr'>praec„</span> 
     </span>
     <span class='ocr_line' id='line_1_2' title="bbox 225 790 388 813; baseline 0.006 -7"><span class='ocrx_word' id='word_1_3' title='bbox 225 790 290 806; x_wconf 87' lang='lat' dir='ltr'>num.</span> <span class='ocrx_word' id='word_1_4' title='bbox 306 790 322 806; x_wconf 84' lang='lat' dir='ltr'>n</span> <span class='ocrx_word' id='word_1_5' title='bbox 337 790 388 813; x_wconf 86' lang='lat' dir='ltr'><strong>sqq.</strong></span> 
     </span>
    </p>
   </div>
   <div class='ocr_carea' id='block_1_2' title="bbox 465 160 1842 228">
    <p class='ocr_par' dir='ltr' id='par_1_2' title="bbox 465 160 1842 228">
     <span class='ocr_line' id='line_1_3' title="bbox 465 160 1842 228; baseline 0.002 -5"><span class='ocrx_word' id='word_1_6' title='bbox 465 186 539 223; x_wconf 84' lang='lat'>366</span> <span class='ocrx_word' id='word_1_7' title='bbox 771 160 774 163; x_wconf 14' lang='grc' dir='ltr'><strong><em>Δ</em></strong></span> <span class='ocrx_word' id='word_1_8' title='bbox 1260 189 1568 228; x_wconf 87' lang='lat' dir='ltr'><strong>CARDINALIS</strong></span> <span class='ocrx_word' id='word_1_9' title='bbox 1598 189 1842 227; x_wconf 87' lang='lat' dir='ltr'>CAIETANI</span> 
     </span>
    </p>
   </div>
   <div class='ocr_carea' id='block_1_3' title="bbox 462 266 1524 926">
    <p class='ocr_par' dir='ltr' id='par_1_3' title="bbox 462 266 1522 486">
     <span class='ocr_line' id='line_1_4' title="bbox 463 266 1520 309; baseline 0.003 -13"><span class='ocrx_word' id='word_1_10' title='bbox 463 266 624 297; x_wconf 86' lang='lat' dir='ltr'>Ecclesiae</span> <span class='ocrx_word' id='word_1_11' title='bbox 652 267 791 298; x_wconf 87' lang='lat' dir='ltr'>extendit</span> <span class='ocrx_word' id='word_1_12' title='bbox 814 277 847 298; x_wconf 91' lang='lat' dir='ltr'>se</span> <span class='ocrx_word' id='word_1_13' title='bbox 877 268 917 299; x_wconf 90' lang='lat' dir='ltr'>ad</span> <span class='ocrx_word' id='word_1_14' title='bbox 939 269 1016 299; x_wconf 87' lang='lat' dir='ltr'>haec</span> <span class='ocrx_word' id='word_1_15' title='bbox 1043 269 1221 309; x_wconf 86' lang='lat' dir='ltr'>singularia.</span> <span class='ocrx_word' id='word_1_16' title='bbox 1244 288 1267 291; x_wconf 96' lang='lat'><em>-</em></span> <span class='ocrx_word' id='word_1_17' title='bbox 1290 269 1349 300; x_wconf 90' lang='lat' dir='ltr'>Vel</span> <span class='ocrx_word' id='word_1_18' title='bbox 1373 268 1520 300; x_wconf 88' lang='lat' dir='ltr'>docendo</span> 
     </span>
     <span class='ocr_line' id='line_1_5' title="bbox 464 311 1521 353; baseline 0.003 -13"><span class='ocrx_word' id='word_1_19' title='bbox 464 311 634 350; x_wconf 89' lang='lat' dir='ltr'>opiniones</span> <span class='ocrx_word' id='word_1_20' title='bbox 659 311 839 342; x_wconf 90' lang='lat' dir='ltr'>doctorum.</span> <span class='ocrx_word' id='word_1_21' title='bbox 863 312 904 343; x_wconf 91' lang='lat' dir='ltr'>Et</span> <span class='ocrx_word' id='word_1_22' title='bbox 927 313 971 343; x_wconf 92' lang='lat' dir='ltr'>sic</span> <span class='ocrx_word' id='word_1_23' title='bbox 987 318 1093 353; x_wconf 86' lang='lat' dir='ltr'>potest</span> <span class='ocrx_word' id='word_1_24' title='bbox 1111 313 1291 353; x_wconf 91' lang='lat' dir='ltr'>praedicare</span> <span class='ocrx_word' id='word_1_25' title='bbox 1307 313 1393 349; x_wconf 88' lang='lat' dir='ltr'>falsa,</span> <span class='ocrx_word' id='word_1_26' title='bbox 1410 314 1435 343; x_wconf 90' lang='lat' dir='ltr'>si</span> <span class='ocrx_word' id='word_1_27' title='bbox 1452 314 1521 353; x_wconf 91' lang='lat' dir='ltr'>opi-</span> 
     </span>
     <span class='ocr_line' id='line_1_6' title="bbox 462 355 1521 397; baseline 0.003 -13"><span class='ocrx_word' id='word_1_28' title='bbox 462 355 518 384; x_wconf 93' lang='lat' dir='ltr'>nio</span> <span class='ocrx_word' id='word_1_29' title='bbox 542 355 722 394; x_wconf 88' lang='lat' dir='ltr'>praedicata</span> <span class='ocrx_word' id='word_1_30' title='bbox 745 361 791 386; x_wconf 90' lang='lat' dir='ltr'>est</span> <span class='ocrx_word' id='word_1_31' title='bbox 813 355 899 387; x_wconf 88' lang='lat' dir='ltr'>falsa.</span> <span class='ocrx_word' id='word_1_32' title='bbox 927 357 967 387; x_wconf 94' lang='lat' dir='ltr'>Et</span> <span class='ocrx_word' id='word_1_33' title='bbox 990 362 1168 397; x_wconf 85' lang='lat' dir='ltr'>propterea,</span> <span class='ocrx_word' id='word_1_34' title='bbox 1194 357 1233 388; x_wconf 93' lang='lat' dir='ltr'>ad</span> <span class='ocrx_word' id='word_1_35' title='bbox 1255 357 1521 397; x_wconf 89' lang='lat' dir='ltr'>praeservandum</span> 
     </span>
     <span class='ocr_line' id='line_1_7' title="bbox 463 398 1522 442; baseline 0.003 -14"><span class='ocrx_word' id='word_1_36' title='bbox 463 398 732 438; x_wconf 83' lang='lat' dir='ltr'>praedicationem</span> <span class='ocrx_word' id='word_1_37' title='bbox 748 401 786 430; x_wconf 92' lang='lat' dir='ltr'>ab</span> <span class='ocrx_word' id='word_1_38' title='bbox 802 400 988 431; x_wconf 89' lang='lat' dir='ltr'>huiusmodi</span> <span class='ocrx_word' id='word_1_39' title='bbox 1000 400 1142 438; x_wconf 82' lang='lat' dir='ltr'>falsitate,</span> <span class='ocrx_word' id='word_1_40' title='bbox 1160 401 1276 432; x_wconf 89' lang='lat' dir='ltr'>debent</span> <span class='ocrx_word' id='word_1_41' title='bbox 1291 401 1522 442; x_wconf 87' lang='lat' dir='ltr'>praedicatores</span> 
     </span>
     <span class='ocr_line' id='line_1_8' title="bbox 464 444 1377 486; baseline 0.003 -13"><span class='ocrx_word' id='word_1_42' title='bbox 464 448 518 473; x_wconf 89' lang='lat' dir='ltr'>aut</span> <span class='ocrx_word' id='word_1_43' title='bbox 541 444 712 483; x_wconf 81' lang='lat' dir='ltr'>opinative,</span> <span class='ocrx_word' id='word_1_44' title='bbox 736 450 791 475; x_wconf 89' lang='lat' dir='ltr'>aut</span> <span class='ocrx_word' id='word_1_45' title='bbox 813 445 973 475; x_wconf 87' lang='lat' dir='ltr'>recitative</span> <span class='ocrx_word' id='word_1_46' title='bbox 997 446 1165 485; x_wconf 89' lang='lat' dir='ltr'>opiniones</span> <span class='ocrx_word' id='word_1_47' title='bbox 1188 445 1377 486; x_wconf 88' lang='lat' dir='ltr'>praedicare.</span> 
     </span>
    </p>

    <p class='ocr_par' dir='ltr' id='par_1_4' title="bbox 463 487 1524 882">
     <span class='ocr_line' id='line_1_9' title="bbox 518 487 1522 529; baseline 0.001 -11"><span class='ocrx_word' id='word_1_48' title='bbox 518 487 569 518; x_wconf 86' lang='lat' dir='ltr'>Ad</span> <span class='ocrx_word' id='word_1_49' title='bbox 590 488 765 519; x_wconf 83' lang='lat' dir='ltr'>secundum</span> <span class='ocrx_word' id='word_1_50' title='bbox 788 489 902 519; x_wconf 90' lang='lat' dir='ltr'>dicitur</span> <span class='ocrx_word' id='word_1_51' title='bbox 918 489 1008 529; x_wconf 91' lang='lat' dir='ltr'>quod</span> <span class='ocrx_word' id='word_1_52' title='bbox 1031 489 1117 520; x_wconf 89' lang='lat' dir='ltr'>aliud</span> <span class='ocrx_word' id='word_1_53' title='bbox 1140 495 1187 520; x_wconf 90' lang='lat' dir='ltr'>est</span> <span class='ocrx_word' id='word_1_54' title='bbox 1206 490 1298 529; x_wconf 92' lang='lat' dir='ltr'>loqui</span> <span class='ocrx_word' id='word_1_55' title='bbox 1321 489 1360 520; x_wconf 94' lang='lat' dir='ltr'>de</span> <span class='ocrx_word' id='word_1_56' title='bbox 1379 489 1522 521; x_wconf 90' lang='lat' dir='ltr'>doctrina</span> 
     </span>
     <span class='ocr_line' id='line_1_10' title="bbox 463 531 1522 569; baseline 0.003 -8"><span class='ocrx_word' id='word_1_57' title='bbox 463 531 628 562; x_wconf 88' lang='lat' dir='ltr'>Romanae</span> <span class='ocrx_word' id='word_1_58' title='bbox 651 532 827 569; x_wconf 88' lang='lat' dir='ltr'>Ecclesiae,</span> <span class='ocrx_word' id='word_1_59' title='bbox 858 542 915 563; x_wconf 91' lang='lat' dir='ltr'>seu</span> <span class='ocrx_word' id='word_1_60' title='bbox 938 534 1076 564; x_wconf 87' lang='lat' dir='ltr'>Romani</span> <span class='ocrx_word' id='word_1_61' title='bbox 1098 533 1278 569; x_wconf 85' lang='lat' dir='ltr'>Pontificis‚</span> <span class='ocrx_word' id='word_1_62' title='bbox 1310 539 1341 564; x_wconf 90' lang='lat' dir='ltr'>et</span> <span class='ocrx_word' id='word_1_63' title='bbox 1364 533 1449 564; x_wconf 86' lang='lat' dir='ltr'>aliud</span> <span class='ocrx_word' id='word_1_64' title='bbox 1477 539 1522 564; x_wconf 89' lang='lat' dir='ltr'>est</span> 
     </span>
     <span class='ocr_line' id='line_1_11' title="bbox 463 575 1523 618; baseline 0.002 -12"><span class='ocrx_word' id='word_1_65' title='bbox 463 575 555 616; x_wconf 92' lang='lat' dir='ltr'>loqui</span> <span class='ocrx_word' id='word_1_66' title='bbox 578 575 618 607; x_wconf 90' lang='lat' dir='ltr'>de</span> <span class='ocrx_word' id='word_1_67' title='bbox 641 577 791 617; x_wconf 91' lang='lat' dir='ltr'>operibus</span> <span class='ocrx_word' id='word_1_68' title='bbox 815 577 967 607; x_wconf 87' lang='lat' dir='ltr'>eiusdem.</span> <span class='ocrx_word' id='word_1_69' title='bbox 992 578 1181 608; x_wconf 91' lang='lat' dir='ltr'>Docuerunt</span> <span class='ocrx_word' id='word_1_70' title='bbox 1203 577 1361 618; x_wconf 89' lang='lat' dir='ltr'>siquidem</span> <span class='ocrx_word' id='word_1_71' title='bbox 1384 578 1523 609; x_wconf 85' lang='lat' dir='ltr'>Romani</span> 
     </span>
     <span class='ocr_line' id='line_1_12' title="bbox 463 619 1520 661; baseline 0.002 -11"><span class='ocrx_word' id='word_1_72' title='bbox 463 619 636 650; x_wconf 89' lang='lat' dir='ltr'>Pontifices</span> <span class='ocrx_word' id='word_1_73' title='bbox 658 621 751 651; x_wconf 92' lang='lat' dir='ltr'>multi</span> <span class='ocrx_word' id='word_1_74' title='bbox 773 620 986 661; x_wconf 84' lang='lat' dir='ltr'>indulgentias</span> <span class='ocrx_word' id='word_1_75' title='bbox 1009 631 1047 652; x_wconf 85' lang='lat' dir='ltr'>ex</span> <span class='ocrx_word' id='word_1_76' title='bbox 1063 623 1165 652; x_wconf 90' lang='lat' dir='ltr'>causis</span> <span class='ocrx_word' id='word_1_77' title='bbox 1180 622 1419 652; x_wconf 88' lang='lat' dir='ltr'>rationabilibus</span> <span class='ocrx_word' id='word_1_78' title='bbox 1439 622 1520 652; x_wconf 87' lang='lat' dir='ltr'>dari:</span> 
     </span>
     <span class='ocr_line' id='line_1_13' title="bbox 463 664 1523 706; baseline 0.002 -12"><span class='ocrx_word' id='word_1_79' title='bbox 463 664 497 694; x_wconf 92' lang='lat' dir='ltr'>in</span> <span class='ocrx_word' id='word_1_80' title='bbox 521 673 585 704; x_wconf 90' lang='lat' dir='ltr'>qua</span> <span class='ocrx_word' id='word_1_81' title='bbox 607 664 751 695; x_wconf 91' lang='lat' dir='ltr'>doctrina</span> <span class='ocrx_word' id='word_1_82' title='bbox 773 665 955 696; x_wconf 83' lang='lat' dir='ltr'>continetur</span> <span class='ocrx_word' id='word_1_83' title='bbox 985 665 1074 705; x_wconf 89' lang='lat' dir='ltr'>quod</span> <span class='ocrx_word' id='word_1_84' title='bbox 1097 667 1192 696; x_wconf 87' lang='lat' dir='ltr'>etiam</span> <span class='ocrx_word' id='word_1_85' title='bbox 1218 671 1304 696; x_wconf 88' lang='lat' dir='ltr'>tanta</span> <span class='ocrx_word' id='word_1_86' title='bbox 1326 666 1523 706; x_wconf 88' lang='lat' dir='ltr'>indulgentia</span> 
     </span>
     <span class='ocr_line' id='line_1_14' title="bbox 465 707 1524 750; baseline 0.003 -12"><span class='ocrx_word' id='word_1_87' title='bbox 465 707 559 738; x_wconf 89' lang='lat' dir='ltr'>debet</span> <span class='ocrx_word' id='word_1_88' title='bbox 579 708 754 748; x_wconf 88' lang='lat' dir='ltr'>procedere</span> <span class='ocrx_word' id='word_1_89' title='bbox 777 719 815 739; x_wconf 87' lang='lat' dir='ltr'>ex</span> <span class='ocrx_word' id='word_1_90' title='bbox 838 718 932 739; x_wconf 89' lang='lat' dir='ltr'>causa</span> <span class='ocrx_word' id='word_1_91' title='bbox 955 710 1133 741; x_wconf 85' lang='lat' dir='ltr'>rationabili</span> <span class='ocrx_word' id='word_1_92' title='bbox 1155 715 1260 741; x_wconf 90' lang='lat' dir='ltr'>tantae</span> <span class='ocrx_word' id='word_1_93' title='bbox 1279 711 1471 750; x_wconf 80' lang='lat' dir='ltr'>quantitatis,</span> <span class='ocrx_word' id='word_1_94' title='bbox 1488 717 1524 741; x_wconf 91' lang='lat' dir='ltr'>ut</span> 
     </span>
     <span class='ocr_line' id='line_1_15' title="bbox 465 752 1523 794; baseline 0.003 -12"><span class='ocrx_word' id='word_1_95' title='bbox 465 753 610 792; x_wconf 88' lang='lat' dir='ltr'>superius</span> <span class='ocrx_word' id='word_1_96' title='bbox 625 754 642 770; x_wconf 40' lang='grc' dir='ltr'><strong><em>θ</em></strong></span> <span class='ocrx_word' id='word_1_97' title='bbox 665 752 839 784; x_wconf 88' lang='lat' dir='ltr'>deductum</span> <span class='ocrx_word' id='word_1_98' title='bbox 863 758 918 784; x_wconf 87' lang='lat' dir='ltr'>est.</span> <span class='ocrx_word' id='word_1_99' title='bbox 953 754 1087 784; x_wconf 86' lang='lat' dir='ltr'>Factum</span> <span class='ocrx_word' id='word_1_100' title='bbox 1115 759 1223 784; x_wconf 89' lang='lat' dir='ltr'>autem</span> <span class='ocrx_word' id='word_1_101' title='bbox 1256 754 1345 794; x_wconf 93' lang='lat' dir='ltr'>quod</span> <span class='ocrx_word' id='word_1_102' title='bbox 1373 755 1406 785; x_wconf 91' lang='lat' dir='ltr'>in</span> <span class='ocrx_word' id='word_1_103' title='bbox 1430 755 1523 785; x_wconf 88' lang='lat' dir='ltr'>bullis</span> 
     </span>
     <span class='ocr_line' id='line_1_16' title="bbox 464 796 1523 838; baseline 0.003 -12"><span class='ocrx_word' id='word_1_104' title='bbox 464 796 734 837; x_wconf 86' lang='lat' dir='ltr'>indulgentiarum</span> <span class='ocrx_word' id='word_1_105' title='bbox 749 798 931 828; x_wconf 89' lang='lat' dir='ltr'>continetur</span> <span class='ocrx_word' id='word_1_106' title='bbox 945 798 971 827; x_wconf 91' lang='lat' dir='ltr'>si</span> <span class='ocrx_word' id='word_1_107' title='bbox 991 797 1186 838; x_wconf 88' lang='lat' dir='ltr'>quandoque</span> <span class='ocrx_word' id='word_1_108' title='bbox 1202 799 1439 838; x_wconf 88' lang='lat' dir='ltr'>periclitaretur,</span> <span class='ocrx_word' id='word_1_109' title='bbox 1456 809 1523 830; x_wconf 94' lang='lat' dir='ltr'>non</span> 
     </span>
     <span class='ocr_line' id='line_1_17' title="bbox 463 841 1429 882; baseline 0.003 -12"><span class='ocrx_word' id='word_1_110' title='bbox 463 846 633 880; x_wconf 88' lang='lat' dir='ltr'>propterea</span> <span class='ocrx_word' id='word_1_111' title='bbox 654 842 819 872; x_wconf 90' lang='lat' dir='ltr'>Romanae</span> <span class='ocrx_word' id='word_1_112' title='bbox 842 841 1003 872; x_wconf 88' lang='lat' dir='ltr'>Ecclesiae</span> <span class='ocrx_word' id='word_1_113' title='bbox 1026 841 1170 872; x_wconf 91' lang='lat' dir='ltr'>doctrina</span> <span class='ocrx_word' id='word_1_114' title='bbox 1192 843 1429 882; x_wconf 87' lang='lat' dir='ltr'>periclitaretur.</span> 
     </span>
    </p>

    <p class='ocr_par' dir='ltr' id='par_1_5' title="bbox 519 884 1523 926">
     <span class='ocr_line' id='line_1_18' title="bbox 519 884 1523 926; baseline 0.002 -11"><span class='ocrx_word' id='word_1_115' title='bbox 519 884 570 915; x_wconf 82' lang='lat' dir='ltr'>Ad</span> <span class='ocrx_word' id='word_1_116' title='bbox 592 885 720 916; x_wconf 85' lang='lat' dir='ltr'>tertium</span> <span class='ocrx_word' id='word_1_117' title='bbox 744 885 857 916; x_wconf 91' lang='lat' dir='ltr'>dicitur</span> <span class='ocrx_word' id='word_1_118' title='bbox 876 886 1053 926; x_wconf 89' lang='lat' dir='ltr'>dupliciter.</span> <span class='ocrx_word' id='word_1_119' title='bbox 1078 886 1196 922; x_wconf 88' lang='lat' dir='ltr'>Primo,</span> <span class='ocrx_word' id='word_1_120' title='bbox 1214 886 1302 926; x_wconf 92' lang='lat' dir='ltr'>quod</span> <span class='ocrx_word' id='word_1_121' title='bbox 1323 887 1377 917; x_wconf 90' lang='lat' dir='ltr'>illa</span> <span class='ocrx_word' id='word_1_122' title='bbox 1396 893 1523 918; x_wconf 90' lang='lat' dir='ltr'>senten-</span> 
     </span>
    </p>
   </div>
   <div class='ocr_carea' id='block_1_4' title="bbox 1547 342 1551 893">
    <p class='ocr_par' dir='ltr' id='par_1_6' title="bbox 1547 342 1551 893">
     <span class='ocr_line' id='line_1_19' title="bbox 1547 342 1551 893; baseline 0 0"><span class='ocrx_word' id='word_1_123' title='bbox 1547 342 1551 893; x_wconf 95' lang='lat' dir='ltr'> </span> 
     </span>
    </p>
   </div>
   <div class='ocr_carea' id='block_1_5' title="bbox 1574 270 2638 930">
    <p class='ocr_par' dir='ltr' id='par_1_7' title="bbox 1574 270 2638 930">
     <span class='ocr_line' id='line_1_20' title="bbox 1574 270 2637 313; baseline 0.005 -15"><span class='ocrx_word' id='word_1_124' title='bbox 1574 270 1616 299; x_wconf 88' lang='lat' dir='ltr'>tia</span> <span class='ocrx_word' id='word_1_125' title='bbox 1640 270 1821 299; x_wconf 88' lang='lat' dir='ltr'>communis</span> <span class='ocrx_word' id='word_1_126' title='bbox 1844 270 2029 310; x_wconf 82' lang='lat' dir='ltr'>intelligitur</span> <span class='ocrx_word' id='word_1_127' title='bbox 2052 271 2207 311; x_wconf 83' lang='lat' dir='ltr'>negative,</span> <span class='ocrx_word' id='word_1_128' title='bbox 2223 272 2287 303; x_wconf 91' lang='lat' dir='ltr'>hoc</span> <span class='ocrx_word' id='word_1_129' title='bbox 2311 277 2373 303; x_wconf 85' lang='lat' dir='ltr'>est:</span> <span class='ocrx_word' id='word_1_130' title='bbox 2399 273 2474 303; x_wconf 88' lang='lat' dir='ltr'>Non</span> <span class='ocrx_word' id='word_1_131' title='bbox 2487 273 2566 313; x_wconf 79' lang='lat' dir='ltr'>plus</span> <span class='ocrx_word' id='word_1_132' title='bbox 2581 282 2637 303; x_wconf 75' lang='lat' dir='ltr'>va-</span> 
     </span>
     <span class='ocr_line' id='line_1_21' title="bbox 1575 314 2637 355; baseline 0.005 -12"><span class='ocrx_word' id='word_1_133' title='bbox 1575 314 1641 344; x_wconf 84' lang='lat' dir='ltr'>lent</span> <span class='ocrx_word' id='word_1_134' title='bbox 1663 323 1758 354; x_wconf 89' lang='lat' dir='ltr'>quam</span> <span class='ocrx_word' id='word_1_135' title='bbox 1781 319 1908 344; x_wconf 85' lang='lat' dir='ltr'>sonant.</span> <span class='ocrx_word' id='word_1_136' title='bbox 1943 315 2112 355; x_wconf 88' lang='lat' dir='ltr'>Divulgata</span> <span class='ocrx_word' id='word_1_137' title='bbox 2144 316 2230 346; x_wconf 89' lang='lat' dir='ltr'>enim</span> <span class='ocrx_word' id='word_1_138' title='bbox 2252 315 2376 347; x_wconf 88' lang='lat' dir='ltr'>videtur</span> <span class='ocrx_word' id='word_1_139' title='bbox 2405 317 2562 348; x_wconf 85' lang='lat' dir='ltr'>sententia</span> <span class='ocrx_word' id='word_1_140' title='bbox 2583 317 2637 349; x_wconf 80' lang='lat' dir='ltr'>illa</span> 
     </span>
     <span class='ocr_line' id='line_1_22' title="bbox 1575 357 2637 401; baseline 0.005 -14"><span class='ocrx_word' id='word_1_141' title='bbox 1575 357 1614 388; x_wconf 88' lang='lat' dir='ltr'>ad</span> <span class='ocrx_word' id='word_1_142' title='bbox 1645 357 1856 388; x_wconf 87' lang='lat' dir='ltr'>excludendas</span> <span class='ocrx_word' id='word_1_143' title='bbox 1888 359 2088 390; x_wconf 88' lang='lat' dir='ltr'>extensiones</span> <span class='ocrx_word' id='word_1_144' title='bbox 2118 359 2389 399; x_wconf 87' lang='lat' dir='ltr'>indulgentiarum</span> <span class='ocrx_word' id='word_1_145' title='bbox 2419 360 2459 391; x_wconf 86' lang='lat' dir='ltr'>ad</span> <span class='ocrx_word' id='word_1_146' title='bbox 2486 370 2523 392; x_wconf 91' lang='lat' dir='ltr'>ea</span> <span class='ocrx_word' id='word_1_147' title='bbox 2553 369 2637 401; x_wconf 82' lang='lat' dir='ltr'>quae</span> 
     </span>
     <span class='ocr_line' id='line_1_23' title="bbox 1575 403 2637 436; baseline 0.005 -5"><span class='ocrx_word' id='word_1_148' title='bbox 1575 403 1634 432; x_wconf 92' lang='lat' dir='ltr'>sub</span> <span class='ocrx_word' id='word_1_149' title='bbox 1665 411 1774 432; x_wconf 88' lang='lat' dir='ltr'>earum</span> <span class='ocrx_word' id='word_1_150' title='bbox 1808 408 1919 432; x_wconf 89' lang='lat' dir='ltr'>tenore</span> <span class='ocrx_word' id='word_1_151' title='bbox 1949 412 2017 433; x_wconf 91' lang='lat' dir='ltr'>non</span> <span class='ocrx_word' id='word_1_152' title='bbox 2048 404 2262 434; x_wconf 90' lang='lat' dir='ltr'>continentur.</span> <span class='ocrx_word' id='word_1_153' title='bbox 2289 421 2313 426; x_wconf 92' lang='lat'>—-</span> <span class='ocrx_word' id='word_1_154' title='bbox 2345 404 2494 435; x_wconf 86' lang='lat' dir='ltr'>Secundo</span> <span class='ocrx_word' id='word_1_155' title='bbox 2522 404 2637 436; x_wconf 83' lang='lat' dir='ltr'>dicitur</span> 
     </span>
     <span class='ocr_line' id='line_1_24' title="bbox 1575 445 2638 487; baseline 0.005 -11"><span class='ocrx_word' id='word_1_156' title='bbox 1575 445 1665 486; x_wconf 92' lang='lat' dir='ltr'>quod</span> <span class='ocrx_word' id='word_1_157' title='bbox 1687 455 1760 476; x_wconf 91' lang='lat' dir='ltr'>vera</span> <span class='ocrx_word' id='word_1_158' title='bbox 1784 451 1830 476; x_wconf 92' lang='lat' dir='ltr'>est</span> <span class='ocrx_word' id='word_1_159' title='bbox 1853 445 1892 476; x_wconf 93' lang='lat' dir='ltr'>de</span> <span class='ocrx_word' id='word_1_160' title='bbox 1915 445 2120 487; x_wconf 88' lang='lat' dir='ltr'>indulgentiis</span> <span class='ocrx_word' id='word_1_161' title='bbox 2145 447 2302 479; x_wconf 88' lang='lat' dir='ltr'>discretis:</span> <span class='ocrx_word' id='word_1_162' title='bbox 2326 457 2395 482; x_wconf 85' lang='lat' dir='ltr'>non</span> <span class='ocrx_word' id='word_1_163' title='bbox 2411 454 2518 480; x_wconf 89' lang='lat' dir='ltr'>autem</span> <span class='ocrx_word' id='word_1_164' title='bbox 2533 448 2574 480; x_wconf 87' lang='lat' dir='ltr'>de</span> <span class='ocrx_word' id='word_1_165' title='bbox 2588 450 2638 480; x_wconf 86' lang='lat' dir='ltr'>in-</span> 
     </span>
     <span class='ocr_line' id='line_1_25' title="bbox 1575 489 2638 532; baseline 0.003 -12"><span class='ocrx_word' id='word_1_166' title='bbox 1575 490 1716 520; x_wconf 87' lang='lat' dir='ltr'>discretis</span> <span class='ocrx_word' id='word_1_167' title='bbox 1740 489 1848 530; x_wconf 89' lang='lat' dir='ltr'>quoad</span> <span class='ocrx_word' id='word_1_168' title='bbox 1871 500 2008 521; x_wconf 89' lang='lat' dir='ltr'>causam.</span> <span class='ocrx_word' id='word_1_169' title='bbox 2032 509 2055 513; x_wconf 87' lang='lat'><em>-</em></span> <span class='ocrx_word' id='word_1_170' title='bbox 2078 491 2186 522; x_wconf 87' lang='lat' dir='ltr'>Potest</span> <span class='ocrx_word' id='word_1_171' title='bbox 2210 497 2241 522; x_wconf 88' lang='lat' dir='ltr'>et</span> <span class='ocrx_word' id='word_1_172' title='bbox 2263 492 2356 523; x_wconf 86' lang='lat' dir='ltr'>tertio</span> <span class='ocrx_word' id='word_1_173' title='bbox 2380 491 2443 523; x_wconf 84' lang='lat' dir='ltr'>diei</span> <span class='ocrx_word' id='word_1_174' title='bbox 2459 491 2549 532; x_wconf 91' lang='lat' dir='ltr'>quod</span> <span class='ocrx_word' id='word_1_175' title='bbox 2563 502 2638 523; x_wconf 89' lang='lat' dir='ltr'>vera</span> 
     </span>
     <span class='ocr_line' id='line_1_26' title="bbox 1576 534 2636 576; baseline 0.003 -12"><span class='ocrx_word' id='word_1_176' title='bbox 1576 539 1622 565; x_wconf 88' lang='lat' dir='ltr'>est</span> <span class='ocrx_word' id='word_1_177' title='bbox 1644 535 1677 564; x_wconf 88' lang='lat' dir='ltr'>in</span> <span class='ocrx_word' id='word_1_178' title='bbox 1694 534 1765 564; x_wconf 91' lang='lat' dir='ltr'>foro</span> <span class='ocrx_word' id='word_1_179' title='bbox 1790 535 1945 570; x_wconf 89' lang='lat' dir='ltr'>exteriori,</span> <span class='ocrx_word' id='word_1_180' title='bbox 1962 536 1995 565; x_wconf 94' lang='lat' dir='ltr'>in</span> <span class='ocrx_word' id='word_1_181' title='bbox 2012 545 2078 575; x_wconf 92' lang='lat' dir='ltr'>quo</span> <span class='ocrx_word' id='word_1_182' title='bbox 2099 541 2198 565; x_wconf 86' lang='lat' dir='ltr'>statur</span> <span class='ocrx_word' id='word_1_183' title='bbox 2220 537 2534 576; x_wconf 83' lang='lat' dir='ltr'>praesumptionibus</span> <span class='ocrx_word' id='word_1_184' title='bbox 2549 537 2636 568; x_wconf 89' lang='lat' dir='ltr'>iuris.</span> 
     </span>
     <span class='ocr_line' id='line_1_27' title="bbox 1629 578 2638 621; baseline 0.002 -12"><span class='ocrx_word' id='word_1_185' title='bbox 1629 578 1680 609; x_wconf 88' lang='lat' dir='ltr'>Ad</span> <span class='ocrx_word' id='word_1_186' title='bbox 1702 584 1852 619; x_wconf 86' lang='lat' dir='ltr'>quartum</span> <span class='ocrx_word' id='word_1_187' title='bbox 1869 578 1982 610; x_wconf 86' lang='lat' dir='ltr'>dicitur</span> <span class='ocrx_word' id='word_1_188' title='bbox 1998 579 2087 619; x_wconf 93' lang='lat' dir='ltr'>quod</span> <span class='ocrx_word' id='word_1_189' title='bbox 2107 579 2248 620; x_wconf 90' lang='lat' dir='ltr'>populus</span> <span class='ocrx_word' id='word_1_190' title='bbox 2264 585 2370 619; x_wconf 86' lang='lat' dir='ltr'>potest</span> <span class='ocrx_word' id='word_1_191' title='bbox 2385 580 2518 620; x_wconf 87' lang='lat' dir='ltr'>quidem</span> <span class='ocrx_word' id='word_1_192' title='bbox 2533 580 2638 621; x_wconf 89' lang='lat' dir='ltr'>decipi</span> 
     </span>
     <span class='ocr_line' id='line_1_28' title="bbox 1575 622 2637 664; baseline 0.003 -11"><span class='ocrx_word' id='word_1_193' title='bbox 1575 624 1608 653; x_wconf 90' lang='lat' dir='ltr'>in</span> <span class='ocrx_word' id='word_1_194' title='bbox 1631 622 1826 659; x_wconf 91' lang='lat' dir='ltr'>huiusmodi,</span> <span class='ocrx_word' id='word_1_195' title='bbox 1851 622 1906 653; x_wconf 92' lang='lat' dir='ltr'>sed</span> <span class='ocrx_word' id='word_1_196' title='bbox 1929 633 1996 654; x_wconf 91' lang='lat' dir='ltr'>non</span> <span class='ocrx_word' id='word_1_197' title='bbox 2019 623 2175 664; x_wconf 90' lang='lat' dir='ltr'>decipitur</span> <span class='ocrx_word' id='word_1_198' title='bbox 2198 624 2237 654; x_wconf 93' lang='lat' dir='ltr'>ab</span> <span class='ocrx_word' id='word_1_199' title='bbox 2260 624 2420 654; x_wconf 86' lang='lat' dir='ltr'>Ecclesia:</span> <span class='ocrx_word' id='word_1_200' title='bbox 2444 625 2526 655; x_wconf 85' lang='lat' dir='ltr'>sicut</span> <span class='ocrx_word' id='word_1_201' title='bbox 2541 625 2637 656; x_wconf 87' lang='lat' dir='ltr'>etiam</span> 
     </span>
     <span class='ocr_line' id='line_1_29' title="bbox 1575 667 2638 708; baseline 0.002 -11"><span class='ocrx_word' id='word_1_202' title='bbox 1575 673 1681 707; x_wconf 89' lang='lat' dir='ltr'>potest</span> <span class='ocrx_word' id='word_1_203' title='bbox 1704 667 1807 707; x_wconf 88' lang='lat' dir='ltr'>decipi</span> <span class='ocrx_word' id='word_1_204' title='bbox 1831 667 1994 698; x_wconf 89' lang='lat' dir='ltr'>adorando</span> <span class='ocrx_word' id='word_1_205' title='bbox 2018 668 2154 698; x_wconf 86' lang='lat' dir='ltr'>hostiam</span> <span class='ocrx_word' id='word_1_206' title='bbox 2177 669 2376 708; x_wconf 88' lang='lat' dir='ltr'>propositam</span> <span class='ocrx_word' id='word_1_207' title='bbox 2392 677 2410 698; x_wconf 91' lang='lat' dir='ltr'>a</span> <span class='ocrx_word' id='word_1_208' title='bbox 2425 667 2589 699; x_wconf 86' lang='lat' dir='ltr'>sacerdote</span> <span class='ocrx_word' id='word_1_209' title='bbox 2603 669 2638 699; x_wconf 88' lang='lat' dir='ltr'>in</span> 
     </span>
     <span class='ocr_line' id='line_1_30' title="bbox 1575 711 2637 752; baseline 0.002 -11"><span class='ocrx_word' id='word_1_210' title='bbox 1575 712 1680 741; x_wconf 90' lang='lat' dir='ltr'>missa.</span> <span class='ocrx_word' id='word_1_211' title='bbox 1705 711 1738 742; x_wconf 90' lang='lat' dir='ltr'>Si</span> <span class='ocrx_word' id='word_1_212' title='bbox 1761 712 1959 751; x_wconf 87' lang='lat' dir='ltr'>contingeret</span> <span class='ocrx_word' id='word_1_213' title='bbox 1982 718 2090 742; x_wconf 90' lang='lat' dir='ltr'>autem</span> <span class='ocrx_word' id='word_1_214' title='bbox 2112 713 2145 742; x_wconf 94' lang='lat' dir='ltr'>in</span> <span class='ocrx_word' id='word_1_215' title='bbox 2168 711 2355 749; x_wconf 86' lang='lat' dir='ltr'>huiusmodi</span> <span class='ocrx_word' id='word_1_216' title='bbox 2377 712 2538 752; x_wconf 90' lang='lat' dir='ltr'>populum</span> <span class='ocrx_word' id='word_1_217' title='bbox 2560 711 2637 749; x_wconf 84' lang='lat' dir='ltr'>falli,</span> 
     </span>
     <span class='ocr_line' id='line_1_31' title="bbox 1575 755 2638 796; baseline 0.001 -10"><span class='ocrx_word' id='word_1_218' title='bbox 1575 755 1734 786; x_wconf 87' lang='lat' dir='ltr'>falleretur</span> <span class='ocrx_word' id='word_1_219' title='bbox 1750 761 1805 786; x_wconf 88' lang='lat' dir='ltr'>aut</span> <span class='ocrx_word' id='word_1_220' title='bbox 1820 766 1838 786; x_wconf 86' lang='lat' dir='ltr'>a</span> <span class='ocrx_word' id='word_1_221' title='bbox 1853 757 1982 796; x_wconf 89' lang='lat' dir='ltr'>propria</span> <span class='ocrx_word' id='word_1_222' title='bbox 2005 756 2199 792; x_wconf 86' lang='lat' dir='ltr'>credulitate,</span> <span class='ocrx_word' id='word_1_223' title='bbox 2216 762 2271 787; x_wconf 88' lang='lat' dir='ltr'>aut</span> <span class='ocrx_word' id='word_1_224' title='bbox 2286 757 2325 786; x_wconf 91' lang='lat' dir='ltr'>ab</span> <span class='ocrx_word' id='word_1_225' title='bbox 2340 756 2489 787; x_wconf 87' lang='lat' dir='ltr'>humanis</span> <span class='ocrx_word' id='word_1_226' title='bbox 2509 757 2638 796; x_wconf 89' lang='lat' dir='ltr'>opinio-</span> 
     </span>
     <span class='ocr_line' id='line_1_32' title="bbox 1575 800 2637 841; baseline 0.001 -11"><span class='ocrx_word' id='word_1_227' title='bbox 1575 801 1679 836; x_wconf 88' lang='lat' dir='ltr'>nibus,</span> <span class='ocrx_word' id='word_1_228' title='bbox 1704 806 1758 830; x_wconf 87' lang='lat' dir='ltr'>aut</span> <span class='ocrx_word' id='word_1_229' title='bbox 1781 800 1819 830; x_wconf 87' lang='lat' dir='ltr'>ab</span> <span class='ocrx_word' id='word_1_230' title='bbox 1843 800 2013 831; x_wconf 86' lang='lat' dir='ltr'>indiscreto</span> <span class='ocrx_word' id='word_1_231' title='bbox 2037 800 2121 831; x_wconf 87' lang='lat' dir='ltr'>facto</span> <span class='ocrx_word' id='word_1_232' title='bbox 2145 800 2248 831; x_wconf 88' lang='lat' dir='ltr'>dantis</span> <span class='ocrx_word' id='word_1_233' title='bbox 2270 800 2512 841; x_wconf 88' lang='lat' dir='ltr'>indulgentiam,</span> <span class='ocrx_word' id='word_1_234' title='bbox 2527 801 2580 831; x_wconf 91' lang='lat' dir='ltr'>vel</span> <span class='ocrx_word' id='word_1_235' title='bbox 2598 801 2637 831; x_wconf 87' lang='lat' dir='ltr'>ab</span> 
     </span>
     <span class='ocr_line' id='line_1_33' title="bbox 1577 844 2637 881; baseline 0.002 -7"><span class='ocrx_word' id='word_1_236' title='bbox 1577 844 1727 874; x_wconf 87' lang='lat' dir='ltr'>omnibus</span> <span class='ocrx_word' id='word_1_237' title='bbox 1751 844 1861 875; x_wconf 89' lang='lat' dir='ltr'>simul:</span> <span class='ocrx_word' id='word_1_238' title='bbox 1893 850 1924 875; x_wconf 90' lang='lat' dir='ltr'>et</span> <span class='ocrx_word' id='word_1_239' title='bbox 1946 854 2012 875; x_wconf 92' lang='lat' dir='ltr'>non</span> <span class='ocrx_word' id='word_1_240' title='bbox 2037 845 2075 875; x_wconf 91' lang='lat' dir='ltr'>ab</span> <span class='ocrx_word' id='word_1_241' title='bbox 2099 845 2257 881; x_wconf 91' lang='lat' dir='ltr'>Ecclesia,</span> <span class='ocrx_word' id='word_1_242' title='bbox 2282 844 2322 875; x_wconf 92' lang='lat' dir='ltr'>ad</span> <span class='ocrx_word' id='word_1_243' title='bbox 2345 845 2437 875; x_wconf 91' lang='lat' dir='ltr'>cuius</span> <span class='ocrx_word' id='word_1_244' title='bbox 2460 844 2637 876; x_wconf 75' lang='lat' dir='ltr'>doctrinam</span> 
     </span>
     <span class='ocr_line' id='line_1_34' title="bbox 1577 888 2588 930; baseline 0.002 -12"><span class='ocrx_word' id='word_1_245' title='bbox 1577 898 1644 918; x_wconf 91' lang='lat' dir='ltr'>non</span> <span class='ocrx_word' id='word_1_246' title='bbox 1667 893 1811 928; x_wconf 85' lang='lat' dir='ltr'>spectant</span> <span class='ocrx_word' id='word_1_247' title='bbox 1833 889 1912 920; x_wconf 86' lang='lat' dir='ltr'>haec</span> <span class='ocrx_word' id='word_1_248' title='bbox 1934 889 2114 930; x_wconf 86' lang='lat' dir='ltr'>singularia,</span> <span class='ocrx_word' id='word_1_249' title='bbox 2138 890 2220 920; x_wconf 87' lang='lat' dir='ltr'>sicut</span> <span class='ocrx_word' id='word_1_250' title='bbox 2242 899 2302 920; x_wconf 92' lang='lat' dir='ltr'>nec</span> <span class='ocrx_word' id='word_1_251' title='bbox 2326 888 2366 920; x_wconf 91' lang='lat' dir='ltr'>ad</span> <span class='ocrx_word' id='word_1_252' title='bbox 2389 889 2457 920; x_wconf 91' lang='lat' dir='ltr'>eius</span> <span class='ocrx_word' id='word_1_253' title='bbox 2480 888 2588 920; x_wconf 89' lang='lat' dir='ltr'>fidem.</span> 
     </span>
    </p>
   </div>
   <div class='ocr_carea' id='block_1_6' title="bbox 1143 2054 1949 2394">
    <p class='ocr_par' dir='ltr' id='par_1_8' title="bbox 1143 2054 1949 2394">
     <span class='ocr_line' id='line_1_35' title="bbox 1143 2054 1949 2394; baseline 0 1694"><span class='ocrx_word' id='word_1_254' title='bbox 1143 2054 1949 2394; x_wconf 95' lang='lat' dir='ltr'> </span> 
     </span>
    </p>
   </div>
  </div>
 </body>
</html>
